2164 3804
277 397 306 436 4
540 393 761 425 RECORDs
793 392 854 424 oF
886 391 987 423 THE
1020 391 1257 423 BOROUGH
1289 391 1351 423 OF
1384 391 1735 424 NOTTINGHAM.
1875 383 2005 437 [1627

279 515 464 557 Gilberti
497 513 787 567 Willoughby
817 512 1023 562 defuncti,
1059 512 1133 552 filii
1167 519 1209 554 et
1242 513 1441 553 haeredis
1476 514 1686 555 willelmi
1715 514 2007 567 Willoughby

278 590 476 630 similiter
499 588 705 637 defuncti,
729 601 778 627 ac
811 587 1016 627 omnibus
1049 587 1143 627 aliis
1175 587 1427 627 tenentibus
1460 594 1503 628 et
1535 589 1872 641 occupatoribus
1901 595 2006 629 terr-

278 676 400 703 arum
434 669 478 703 et
509 667 865 703 tenementorum
889 674 1002 714 quae
1025 659 1199 701 fuerunt
1232 661 1443 714 praedicti
1474 662 1684 702 willelmi
1717 662 2007 715 Willoughby

279 737 461 777 senioris
503 736 545 776 in
585 735 708 784 villis,
743 734 971 788 parochiis,
1010 740 1053 774 et
1090 734 1257 788 campis
1295 735 1350 774 de
1393 735 1702 788 Noffingham,
1739 736 1926 784 Lenton,
1964 742 2007 776 et

281 811 492 858 Radford,
535 824 584 850 ac
626 809 832 850 omnibus
884 809 979 849 aliis
1021 809 1179 862 quibus
1231 809 1412 850 interest
1464 816 1539 850 aut
1591 810 1801 850 interesse
1851 811 2007 863 potuit,
2050 810 2067 845 5

279 885 477 925 salutem.

367 959 479 1000 Cum
519 971 632 1011 quae
674 971 731 997 ex
769 956 993 997 communi
1031 956 1215 997 consilio
1252 957 1373 1010 regni
1411 958 1548 997 nostri
1586 957 1790 1011 Angliae,
1829 958 1884 998 ad
1923 958 2008 998 Dei

278 1033 463 1085 gloriam
488 1039 530 1073 et
553 1032 704 1085 populi
728 1032 865 1072 nostri
889 1031 1186 1081 commodum,
1209 1031 1384 1084 provisa
1413 1038 1455 1072 et
1485 1032 1689 1072 ordinata
1719 1038 1831 1081 sunt,
1855 1045 1906 1072 ea
1928 1045 2008 1072 nos

279 1122 355 1161 per
387 1108 506 1161 regia
539 1107 807 1148 authoritate
841 1114 992 1148 nostra
1023 1107 1201 1147 debitae
1234 1107 1486 1148 executioni
1520 1107 1720 1147 mandari
1752 1113 2008 1157 teneamur;

279 1197 328 1223 ac
356 1196 494 1235 nuper
523 1196 580 1222 ex
611 1180 927 1222 certificatione
950 1180 1160 1221 willelmi
1193 1180 1356 1230 Borlas,
1380 1181 1541 1230 militis,
1567 1180 1786 1221 Francisci
1815 1181 2008 1234 Cheyne,
2031 1185 2069 1208 10

279 1257 441 1306 militis,
482 1256 711 1310 Jeronimii
768 1255 955 1309 Horsey,
1008 1255 1168 1304 militis,
1210 1255 1421 1295 willelmi
1473 1255 1652 1304 Tothill,
1705 1255 1918 1308 armigeri,
1965 1261 2009 1295 et

278 1330 489 1371 willelmi
546 1329 788 1378 Hakewell,
841 1329 1055 1382 armigeri,
1109 1329 1600 1370 Commissionariorum
1658 1329 2008 1382 praecharissimi

279 1405 415 1458 patris
450 1405 586 1444 nostri
624 1404 805 1445 Domini
840 1403 995 1457 Jacobi
1026 1416 1164 1456 nuper
1198 1403 1333 1455 Regis
1359 1402 1563 1455 Angliae,
1587 1403 1700 1443 inter
1731 1403 1826 1452 alia,
1849 1403 2009 1444 virtute

279 1478 602 1518 commissionis
625 1479 729 1519 dicti
761 1491 900 1531 nuper
933 1477 1067 1529 Regis
1097 1477 1177 1516 sub
1201 1490 1364 1529 magno
1387 1477 1530 1529 sigillo
1560 1491 1639 1517 suo
1662 1477 1854 1529 Angliae
1876 1477 1937 1516 eis
1966 1483 2009 1518 et

280 1553 375 1592 aliis
399 1552 439 1592 in
464 1552 545 1592 hac
570 1559 694 1605 parte
717 1553 910 1592 directae
932 1558 974 1591 et
1005 1551 1046 1590 in
1073 1551 1392 1592 Cancellariam
1423 1565 1546 1591 suam
1579 1552 1660 1591 sub
1683 1551 1835 1603 sigillis
1857 1564 2007 1590 eorum
2031 1556 2068 1592 15

280 1633 539 1675 retornatae,
564 1640 612 1666 ac
636 1627 799 1666 ibidem
824 1627 878 1666 de
902 1626 1083 1665 recordo
1106 1625 1347 1674 residentis,
1370 1625 1499 1665 datur
1522 1625 1648 1665 nobis
1671 1625 1866 1676 intelligi,
1890 1625 2008 1678 quod

280 1701 493 1754 praedicti
519 1701 896 1742 Commissionarii
920 1699 1026 1739 dicti
1049 1712 1189 1752 nuper
1213 1699 1358 1751 Regis,
1381 1699 1538 1739 virtute
1560 1699 1883 1738 commissionis
1905 1712 2010 1738 suae

281 1775 694 1829 praedictae,juxta
720 1774 906 1814 formam
941 1774 1171 1827 cujusdam
1205 1772 1347 1813 Actus
1381 1773 1422 1812 in
1459 1772 1755 1813 Parliamento
1789 1773 2011 1813 Dominae

280 1849 577 1897 Elizabethae,
610 1862 749 1902 nuper
789 1849 987 1901 Reginae
1019 1847 1223 1900 Angliae,
1257 1860 1373 1887 anno
1411 1847 1531 1899 regni
1569 1846 1634 1886 sui
1669 1847 2010 1899 quadragesimo

279 1924 409 1965 tertio
446 1930 581 1970 tento,
616 1923 721 1963 editi
759 1929 802 1963 et
839 1923 1031 1975 provisi,1
1068 1921 1184 1962 sacta
1221 1922 1339 1974 prius
1376 1935 1453 1974 per
1489 1921 1677 1974 patriam
1716 1921 2009 1974 inquisitione,
2029 1932 2071 1955 20

279 1998 530 2050 habitisque
572 1997 722 2037 debita
770 1997 950 2037 testium
993 1995 1326 2036 examinatione
1375 2001 1418 2036 et
1460 1995 1778 2036 deliberatione
1827 2001 2009 2044 matura,

279 2071 579 2111 ordinationes
603 2071 819 2123 quasdam
850 2071 940 2111 sive
963 2071 1165 2111 dccreta2
1195 2070 1236 2109 in
1267 2069 1439 2122 scriptis
1463 2069 1659 2109 fecerunt
1689 2083 1737 2109 ac
1761 2069 1802 2108 in
1829 2069 2010 2111 Cancel-

280 2145 432 2185 lariam
476 2158 601 2184 suam
653 2145 925 2197 praedictam
973 2158 1162 2184 unacum
1205 2143 1516 2184 commissione
1567 2144 1794 2196 praedicta
1844 2150 2010 2184 retorn-

281 2218 496 2267 averunt,3
537 2219 751 2267 videlicet,
795 2219 913 2271 quod
967 2218 1177 2258 haeredes
1219 2224 1262 2259 et
1315 2218 1525 2271 assignati
1569 2218 1782 2270 praedicti
1824 2218 2010 2259 Gilberti

281 2293 572 2345 Willoughby
603 2293 675 2345 qui
709 2292 851 2333 forent
883 2293 1018 2333 seisiti
1052 2307 1130 2345 pro
1163 2299 1363 2346 tempore
1395 2292 1617 2333 existente
1650 2293 1705 2332 de
1737 2299 1780 2333 et
1813 2293 1855 2332 in
1888 2306 2010 2346 prae·
2030 2305 2070 2339 25

281 2367 409 2407 dictis
432 2367 555 2407 terris
574 2374 616 2407 et
639 2367 905 2407 tenementis
923 2380 1036 2419 quae
1059 2366 1234 2407 fuerunt
1257 2366 1470 2419 praedicti
1489 2366 1701 2407 willelmi
1720 2366 2012 2419 Willoughby

282 2441 475 2489 senioris,
508 2441 549 2479 in
585 2440 707 2488 villis,
738 2440 967 2492 parochiis,
1001 2447 1043 2480 et
1078 2441 1245 2494 campis
1278 2441 1333 2480 de
1366 2440 1719 2493 Nofflnghamia,
1751 2441 1938 2490 Lenton,
1968 2446 2011 2481 et

285 2514 482 2554 Radford
525 2515 772 2567 praedictis
816 2515 1140 2567 imperpetuum
1193 2515 1421 2555 annuatim
1465 2514 1760 2555 deliberarent
1805 2515 1896 2555 sive
1937 2515 2010 2555 de-

283 2589 453 2629 liberari
501 2595 732 2629 causarcnt
784 2589 838 2628 ad
882 2588 1042 2629 festum
1097 2589 1391 2637 PentecosteS,
1434 2588 1625 2641 Anglice
1678 2588 2011 2640 ‘H’lcz'lsonday‚’

283 2663 452 2703 circiter
480 2662 632 2702 horam
663 2669 865 2703 octavam
900 2669 1002 2703 ante
1035 2662 1261 2703 meridiem
1295 2661 1493 2715 ejusdem
1517 2662 1614 2711 diei,
1638 2668 1827 2715 quatuor
1848 2663 2010 2703 senior·
2031 2681 2073 2713 30

283 2737 391 2786 ibus,
433 2737 710 2790 pauperibus,
748 2737 1077 2790 impotentibus,
1115 2743 1159 2777 et
1195 2737 1496 2789 indigentibus
1538 2737 1723 2790 populis,
1761 2738 1816 2777 ad
1859 2751 2009 2778 eorum

284 2811 425 2851 solum
468 2818 511 2852 et
553 2812 778 2864 proprium
817 2825 927 2864 opus
970 2818 1013 2852 et
1049 2825 1188 2860 usum,
1227 2818 1416 2864 quatuor
1452 2818 1579 2864 togas
1617 2811 1818 2865 aptatas4
1858 2826 2010 2865 pexas,

283 2885 486 2937 Anglice,
524 2885 749 2937 ‘offi‘z‘se‚‘
782 2886 907 2938 pretii
943 2885 1176 2938 cujuslibet
1210 2899 1360 2926 eorum
1391 2886 1543 2926 decem
1577 2886 1818 2926 solidorum
1851 2892 1927 2926 aut
1958 2899 2011 2926 eo

283 2961 462 3009 circiter,
486 2975 534 3000 ac
557 2961 691 3001 etiam
715 2974 794 3001 sex
818 2961 966 3013 probis
989 2961 1242 3001 hominibus
1272 2959 1455 3013 alicujus
1486 2961 1666 3001 misterii
1696 2961 1787 3001 sive
1809 2961 2010 3013 agricolis

283 3049 363 3076 sex
393 3036 524 3076 libras
548 3035 700 3088 legalis
731 3042 936 3076 monetae
958 3035 1162 3087 Angliae,
1185 3048 1356 3075 necnon
1382 3035 1694 3076 Concionatori
1717 3035 1850 3075 docto
1872 3040 1915 3075 et
1937 3034 2011 3087 pio
2031 3046 2070 3080 35

348 3177 357 3191 ¹
383 3174 466 3206 Stat.
496 3182 538 3214 43
567 3173 662 3211 Eliz.,
694 3184 720 3204 c.
754 3174 812 3206 IV.
844 3174 942 3211 (Stat.
974 3174 1080 3213 ofllte
1213 3174 1309 3214 given
1338 3181 1371 3204 to
1398 3173 1589 3205 Charilable
1619 3172 1727 3205 Um?
1774 3173 1837 3205 See
1860 3173 2008 3212 Records,

282 3230 409 3267 Realm,
443 3241 488 3267 xz,
507 3231 596 3269 970),
638 3228 775 3259 entitled
817 3229 890 3259 ‘An
922 3229 1006 3259 Acte
1045 3235 1079 3258 to
1214 3229 1287 3258 Vol.
1310 3229 1384 3265 IV„
1403 3239 1434 3269 p.
1456 3227 1507 3259 66.

282 3283 426 3314 redl·esse
458 3283 513 3314 the
544 3283 835 3324 Misemployment
868 3282 905 3313 of
933 3282 1074 3319 Laudes,
1277 3285 1289 3299 ²
1314 3283 1359 3314 So
1376 3282 1408 3312 in
1427 3282 1516 3319 MS„
1533 3281 1590 3312 but
1607 3282 1640 3312 in
1657 3281 1712 3313 the
1728 3281 1872 3322 singular
1889 3282 2004 3312 below.

282 3336 427 3375 Goodes,
447 3337 511 3367 and
538 3337 676 3369 Stockes
693 3337 729 3367 of
750 3338 875 3378 Money
894 3336 1078 3368 heretofore
1277 3339 1289 3359 3
1311 3336 1593 3374 retornavemmss]
1614 3335 1873 3373 ‘retornav’z'nt,⁷
1892 3335 1966 3368 MS.
