2164 3804
273 383 324 432 58
531 387 752 421 RECORDS
781 387 842 420 OF
875 387 975 420 THE
1008 387 1246 421 BOROUGH
1279 388 1339 421 OF
1373 387 1724 421 NOTTINGHAM.
1863 376 1992 430 [1682

273 511 402 553 villae
438 510 682 565 praedictae
717 510 760 550 in
798 509 905 559 loco,
940 510 1030 550 sive
1067 509 1182 559 locis,
1216 510 1359 563 ipsius,
1394 509 1461 550 vel
1499 510 1689 563 ipsorum
1726 506 1994 561 Capitalz'um

274 585 632 629 Consiliariarum
655 584 784 625 villae
815 584 1060 637 praedictae
1090 584 1150 624 sic
1183 584 1292 624 mori
1315 583 1382 624 vel
1413 582 1604 623 amoveri
1633 580 1994 634 contingentium,

273 660 442 712 eligere,
465 659 702 707 nominare,
726 664 769 698 et
801 657 1040 710 praeficere,
1064 658 1118 698 ad
1147 658 1440 710 supplendum
1471 656 1738 709 praedictum
1768 668 1995 695 numerum

272 733 518 774 octodecim
567 732 836 785 Capitalium
887 731 1245 773 Consiliarim‘um
1294 731 1423 771 villae
1474 730 1744 784 praedictae;
1795 729 1998 782 quodque

274 807 355 857 ille,
377 807 468 848 sive
497 807 567 856 illi,
590 807 650 846 sic
679 812 727 847 ut
759 805 1002 859 praefertur
1028 806 1082 845 ad
1115 804 1308 845 officium
1340 803 1556 857 Capitalis
1588 802 1843 845 Consiliariz'
1870 802 1998 843 villae
2041 807 2058 843 5

273 881 517 934 praedictae
539 880 704 920 electus
724 886 767 920 et
790 878 1041 932 praefectus,
1065 884 1140 918 aut
1169 878 1295 919 electi
1318 884 1361 918 et
1390 877 1605 931 praefecti,
1628 877 1709 917 erit
1731 883 1774 917 et
1795 882 1922 917 erunt
1944 876 1999 916 de

274 968 456 995 numero
492 954 738 995 octodecim
778 952 1045 1006 Capitalium
1085 951 1441 994 Consiliarz'az‘um
1478 951 1606 992 villae
1642 950 1912 1004 praedictae;
1940 952 1999 990 ‘et

274 1029 356 1069 hoc
380 1029 510 1069 toties
532 1028 703 1081 quoties
726 1041 851 1068 casus
873 1026 933 1066 sic
957 1026 1172 1067 acciderit.

360 1102 700 1155 Assignavimus
742 1101 886 1150 etiam,
929 1100 1264 1148 nominavimus,
1307 1099 1558 1147 creavimus,
1596 1097 1915 1146 constituimus,
1957 1103 2001 1137 et

273 1175 465 1225 fecimus,
508 1189 557 1216 ac
599 1189 677 1228 per
724 1180 972 1228 praesentes
1024 1187 1101 1227 pro
1142 1173 1279 1222 nobis,
1321 1173 1555 1213 heredibus
1596 1179 1639 1213 et
1680 1172 2002 1212 successoribus
2024 1182 2063 1215 {Q

275 1249 440 1299 nostris,
478 1249 764 1301 assignamus,
803 1248 1095 1296 nominamus,
1138 1260 1348 1295 creamus,
1390 1246 1699 1287 constituimus
1737 1253 1780 1287 et
1816 1246 2000 1286 facimus

275 1324 453 1364 dilectos
481 1323 607 1363 nobis
634 1322 899 1362 willelmum
931 1321 1137 1374 Jackson‚
1161 1321 1383 1361 Thomam
1419 1321 1518 1369 Lee,
1541 1320 1791 1373 Johauuem
1826 1319 2000 1368 Unwin,

278 1398 548 1438 Ricardum1
572 1396 760 1449 Wright,
787 1395 1028 1435 Henricum
1062 1395 1220 1447 Hardy
1243 1401 1286 1435 et
1317 1394 1565 1447 Johauuem
1598 1393 1815 1446 Shipman
1839 1392 1929 1433 fore
1958 1399 2002 1433 et

276 1485 370 1512 esse
404 1472 638 1512 modernos
673 1470 943 1510 consiliarios
977 1469 1106 1508 villae
1140 1469 1393 1522 praedictae,
1416 1468 1734 1509 continuandos
1762 1468 1804 1507 in
1835 1467 2000 1508 eisdem

278 1544 431 1585 officiis
468 1544 722 1585 durantibus
757 1544 856 1584 vitis
893 1544 980 1583 suis
1017 1542 1286 1583 naturalibus
1321 1542 1571 1595 respective,
1595 1542 1675 1582 nisi
1714 1541 1887 1582 interim
1925 1554 2002 1594 pro
2025 1553 2062 1588 15

279 1617 395 1658 mala
417 1617 741 1671 gubernatione
763 1618 853 1657 sive
876 1616 990 1656 male
1018 1630 1063 1656 se
1086 1616 1274 1668 gerendo
1297 1616 1338 1656 in
1365 1615 1523 1656 officiis
1544 1616 1632 1655 suis
1661 1615 1904 1668 praedictis,
1927 1622 2003 1656 aut

278 1705 357 1744 pro
389 1691 534 1745 aliqua
566 1691 653 1731 alia
682 1704 814 1731 causa
843 1690 1092 1731 rationabili
1123 1690 1266 1730 amoti
1286 1689 1456 1738 suerint,
1480 1696 1555 1730 aut
1587 1703 1735 1729 eorum
1768 1689 1913 1742 aliqui,
1935 1689 2003 1730 vel

278 1765 445 1818 aliquis
478 1765 614 1805 amoti
651 1771 809 1813 erunt,2
831 1764 897 1804 vel
932 1770 1107 1804 amotus
1144 1764 1233 1804 erit.
1299 1764 1356 1804 Et
1390 1763 1564 1804 ulterius
1599 1763 1811 1813 volumus,
1844 1777 1893 1803 ac
1928 1777 2004 1817 per

279 1846 527 1892 praesentes
560 1853 637 1892 pro
669 1838 805 1887 nobis,
829 1837 1061 1878 heredibus
1091 1844 1134 1878 et
1165 1837 1488 1877 successoribus
1520 1837 1686 1885 nastris,
1721 1837 2003 1878 concedimus

278 1912 484 1966 praefatis
506 1912 678 1965 Majori,
702 1911 1008 1951 Aldermauuis
1030 1918 1073 1951 et
1098 1911 1396 1964 Burgensibus
1417 1911 1546 1951 villae
1569 1911 1820 1964 praedictae,
1844 1917 1887 1952 et
1909 1925 2003 1952 suc·
2024 1928 2067 1952 20

279 1986 521 2026 cessoribus
539 1985 626 2025 suis
645 1985 976 2038 imperpeluum,
993 1985 1103 2037 quad
1121 1985 1470 2037 quandocunque
1484 1984 1717 2037 contigerit
1733 1984 1922 2037 aliquem
1937 1985 2004 2025 vel

279 2059 448 2112 aliquos
470 2059 524 2099 de
546 2058 677 2099 dictis
697 2072 777 2098 sex
802 2058 1076 2100 Consiliarz'z's
1097 2058 1225 2098 villae
1247 2059 1500 2111 praedictae,
1523 2072 1598 2099 seu
1622 2059 1791 2111 aliquos
1813 2073 2004 2100 success-

279 2147 403 2173 orum
425 2146 611 2182 suorum,
630 2132 760 2181 obire,
780 2139 855 2173 aut
877 2132 932 2172 ab
947 2131 1107 2172 officiis
1128 2132 1214 2172 suis
1235 2132 1592 2175 consiliariorum
1610 2133 1739 2173 villae
1762 2133 2005 2186 praedictae

280 2207 655 2260 amoveri,—quos
687 2206 865 2259 quidem
905 2206 1189 2248 Conciliarios
1224 2205 1352 2246 villae
1390 2206 1657 2259 praedictae3
1693 2221 1770 2260 pro
1806 2213 2005 2260 tempore

279 2282 526 2330 existentes,
550 2287 592 2321 et
614 2294 881 2320 successores
905 2294 1017 2328 suos,
1040 2280 1130 2320 sive
1160 2293 1308 2320 eorum
1339 2280 1529 2333 aliquem
1553 2280 1619 2320 vel
1646 2280 1815 2333 aliquos
1844 2294 1890 2321 se
1915 2294 2002 2321 non
2024 2300 2065 2336 25

279 2356 391 2396 bene
422 2361 639 2408 gerentem
672 2361 747 2394 aut
779 2361 980 2407 gerentes
1003 2354 1044 2393 in
1075 2353 1235 2394 officiis
1262 2353 1348 2394 illis
1376 2354 1584 2394 amobiles
1611 2368 1705 2394 esse
1734 2354 2005 2404 volumus,—

280 2430 392 2482 quod
415 2436 519 2469 tunc
537 2435 579 2469 et
602 2428 732 2469 toties
755 2428 867 2468 bene
889 2428 1018 2468 liceat
1040 2434 1083 2468 et
1106 2427 1253 2468 licebit
1275 2427 1482 2480 praefatis
1504 2427 1677 2480 Majori,
1697 2427 2005 2468 Alderutaunis

280 2509 323 2543 et
353 2502 650 2555 Burgensibus
673 2501 801 2542 villae
827 2501 1070 2554 praedictae
1098 2515 1176 2554 pro
1205 2508 1404 2554 tempore
1427 2500 1724 2550 existentibus,
1749 2507 1792 2542 et
1813 2514 2006 2541 success-

280 2577 427 2617 oribus
449 2577 548 2625 suis,
571 2576 637 2616 vel
662 2576 815 2628 majori
839 2576 959 2628 parti
987 2577 1226 2616 eorundem
1246 2576 1449 2629 (quorum
1475 2575 1685 2628 Majorem
1708 2589 1786 2628 pro
1807 2581 2007 2629 tempore

280 2650 538 2690 existentem
575 2662 709 2689 unum
747 2663 841 2689 esse
877 2648 1110 2701 volumus),
1149 2663 1283 2689 unum
1321 2649 1451 2689 alium
1489 2649 1556 2689 vel
1594 2649 1743 2702 plures,
1777 2649 1831 2689 de
1869 2649 2005 2701 Burg-
2026 2672 2068 2704 30

280 2723 457 2764 ensibus
480 2723 608 2763 villae
630 2723 873 2776 praedictae
890 2723 932 2763 in
956 2723 1053 2763 loco
1074 2723 1164 2763 sive
1187 2723 1292 2764 locis
1315 2723 1448 2776 ipsius
1467 2723 1533 2763 vel
1556 2723 1747 2776 ipsorum
1772 2722 2005 2765 Consiliat-

282 2799 420 2839 iorum
454 2798 584 2838 villae
617 2798 860 2851 praedictae
890 2798 951 2838 sic
984 2798 1092 2838 mori
1125 2798 1191 2838 vel
1225 2798 1417 2838 amoveri
1449 2796 1813 2850 contingentium,
1836 2795 2005 2849 eligere,

281 2874 509 2914 nominare
542 2879 585 2913 et
617 2871 847 2925 praeficere
876 2873 930 2913 ad
960 2872 1255 2925 supplendum
1285 2885 1514 2912 numerum
1544 2884 1623 2911 sex
1647 2869 2005 2912 Consiliarz'orum

280 2946 409 2986 villae
443 2946 712 2999 praedictae;
745 2947 942 2999 quodque
975 2945 1056 2995 ille,
1089 2946 1180 2986 sive
1209 2946 1280 2995 illi,
1308 2946 1379 2995 sic,
1409 2952 1458 2986 ut
1491 2945 1739 2998 praefertur,
1769 2945 1824 2985 ad
1859 2943 2007 2985 officia

283 3019 641 3061 Consiliarz'mwn
675 3019 804 3060 villae
840 3019 1083 3072 praedictae
1119 3019 1284 3059 electus
1321 3026 1363 3060 et
1400 3019 1652 3072 praefectus,
1689 3024 1764 3059 aut
1800 3017 1926 3058 electi
1962 3023 2006 3058 et
2026 3039 2065 3073 35

283 3092 498 3145 praefecti,
535 3093 617 3133 erit
653 3099 696 3133 et
732 3099 859 3133 erunt
895 3093 950 3132 de
987 3105 1170 3132 numero
1207 3106 1287 3132 sex
1326 3092 1684 3134 Consiliariez‘um
1720 3091 1851 3132 villae
1887 3104 2006 3144 prae-

283 3166 449 3216 dictae;
481 3172 525 3207 et
546 3165 629 3206 hoc
651 3165 781 3206 toties
804 3165 975 3218 quoties
998 3178 1123 3205 casus
1145 3165 1206 3205 sic
1229 3165 1444 3206 acciderit.

479 3330 489 3344 ¹
517 3325 703 3365 ‘Richum‚’
722 3327 796 3359 MS.
1302 3329 1314 3344 ²
1336 3326 1462 3366 eruum
1482 3325 1610 3365 ‘erint‚’
1629 3327 1702 3360 MS.
1735 3362 1739 3363 ⁷
