2164 3804
289 375 347 425 46
550 381 771 414 RECORDs
803 380 864 413 OF
895 380 996 412 THE
1029 379 1268 413 BOROUGH
1300 379 1361 413 OF
1395 379 1745 413 NOTTINGHAM.
1885 371 2014 425 [1682

291 517 448 557 corpus
484 510 762 557 corporatum
800 509 843 544 et
877 502 1106 556 politicum
1140 502 1182 542 in
1218 516 1272 552 re,
1305 501 1422 543 facto
1456 508 1499 543 et
1533 502 1713 543 nomine
1746 516 1826 556 per
1855 516 2016 543 nomen

291 578 508 631 ‘Majoris,
541 578 953 625 Aldermauuorum‚
986 583 1029 616 et
1063 576 1352 629 Burgensium
1384 576 1513 617 villae
1544 576 1600 617 de
1632 575 1942 629 Nottingham,
1974 577 2017 617 in

292 652 519 693 Comitatu
557 651 755 704 ejusdem
789 650 940 698 villae‚’
978 663 1027 689 ac
1060 663 1133 689 eos
1166 663 1246 703 per
1277 663 1438 690 nomen
1478 650 1696 703 ‘Majoris,
1728 649 2018 691 Aldermann-

290 739 426 774 orum,
465 732 507 766 et
546 724 837 778 Burgensium
874 724 1004 764 villae
1041 724 1096 763 de
1134 723 1430 776 Nottingham
1468 723 1510 763 in
1555 723 1782 765 Comitatu
1819 723 2017 776 ejusdem

290 799 444 848 villae,’
491 799 533 839 in
581 812 715 839 unum
760 811 917 851 corpus
961 803 1242 850 corporatum
1287 803 1330 838 et
1371 797 1598 850 politicum
1640 797 1683 837 in
1726 811 1781 847 re,
1819 797 1935 838 facto
1976 804 2019 839 et
2061 803 2079 838 5

290 873 470 913 nomine
502 873 675 913 realiter
707 879 750 913 et
783 872 838 912 ad
871 871 1050 925 plenum
1082 885 1160 924 pro
1191 871 1329 920 nobis,
1352 871 1587 911 heredibus
1621 878 1664 912 et
1696 871 2020 912 successoribus

290 947 451 995 nostris,
484 946 704 999 erigimus,
738 945 934 994 facimus,
967 945 1234 994 ordinamus,
1267 945 1588 994 constituimus,
1621 943 1946 995 confirmamus,
1977 950 2021 986 et

289 1020 563 1060 declaramus
585 1034 664 1073 per
682 1026 936 1073 praesentes
954 1033 963 1070 3
993 1025 1036 1060 et
1058 1019 1171 1072 quod
1195 1032 1273 1072 per
1291 1019 1408 1059 idem
1432 1032 1594 1059 nomen
1618 1018 1807 1059 habeant
1829 1031 2020 1059 success-

289 1094 435 1134 ionem
459 1101 717 1147 perpetuam
737 1108 745 1143 ;
778 1100 821 1134 et
844 1093 956 1146 quod
980 1092 1062 1145 ipsi
1085 1106 1164 1145 per
1182 1106 1344 1133 nomen
1375 1096 1383 1112 ‘
1398 1092 1592 1146 Majoris,
1611 1092 2020 1141 Aldermannorum,

289 1174 333 1208 et
357 1168 647 1221 Burgensium
670 1167 799 1207 villae
821 1167 876 1207 de
901 1166 1197 1219 Nottingham
1222 1166 1263 1206 in
1289 1166 1514 1208 Comitatu
1538 1165 1736 1219 ejusdem
1757 1165 1902 1206 villae'
1934 1165 2022 1207 sint
2045 1178 2083 1202 10

289 1248 332 1282 et
366 1248 515 1282 erunt1
552 1241 775 1294 perpetuis
810 1240 965 1281 futuris
1000 1239 1274 1293 temporibus
1309 1253 1524 1293 personae
1559 1239 1728 1279 habiles
1765 1245 1808 1280 et
1845 1239 1888 1279 in
1925 1238 2023 1293 lege

289 1329 473 1368 capaces
511 1316 565 1355 ad
603 1315 820 1363 habenda,
858 1314 1162 1367 perquirenda,
1197 1313 1450 1366 recipienda
1487 1319 1530 1354 et
1567 1313 1838 1366 possidenda
1873 1319 2021 1363 terras,

288 1395 552 1437 tenementa,
576 1388 806 1437 libertates,
825 1387 1063 1441 privilegia,
1083 1387 1422 1440 jurisdictiones,
1441 1386 1721 1437 franchesz'as,
1739 1393 1782 1428 et
1804 1386 2022 1428 heredita-

289 1468 451 1511 menta,
484 1462 784 1515 cujuscunque
816 1461 999 1514 generis,
1032 1467 1227 1510 naturae,
1260 1460 1327 1501 vel
1362 1460 1522 1514 speciei
1557 1460 1728 1510 fuerint,
1761 1473 1933 1501 necnon
1966 1460 2021 1501 ad

289 1536 449 1586 danda,
484 1536 782 1585 concedenda,
817 1535 1085 1576 dimittenda
1126 1542 1169 1575 et
1206 1535 1474 1588 assignanda
1508 1541 1656 1584 terras,
1691 1541 1946 1576 tenementa
1979 1541 2022 1576 et
2045 1547 2082 1582 15

289 1612 650 1660 hereditamenta‚
688 1611 805 1651 bona
846 1617 890 1651 et
931 1610 1101 1659 catalla,
1140 1624 1190 1650 ac
1231 1610 1380 1650 omnia
1421 1616 1465 1650 et
1506 1609 1681 1663 singula
1722 1608 1840 1649 facta
1875 1615 1918 1650 et
1955 1622 2022 1649 res

289 1685 492 1726 facienda
529 1692 571 1726 et
609 1685 874 1738 exequenda
911 1699 990 1738 per
1023 1697 1185 1724 nomen
1224 1684 1521 1737 praedictum;
1566 1689 1609 1724 et
1645 1683 1757 1736 quad
1796 1696 1875 1735 per
1904 1682 2021 1723 idem

289 1773 450 1800 nomen
481 1759 698 1813 ‘MajoriS,
714 1759 1113 1799 Aldermauuorum
1132 1764 1175 1799 et
1195 1758 1485 1811 Burgensium
1502 1757 1631 1798 villae
1649 1757 1703 1798 de
1724 1757 2021 1810 Nottingham

289 1834 331 1873 in
369 1833 595 1875 Comitalu
633 1833 831 1886 ejusdem
866 1832 1019 1881 villae‚'
1054 1831 1262 1884 placitare
1296 1838 1338 1872 et
1375 1831 1645 1884 implacitari,
1681 1831 1947 1883 respondere
1979 1836 2023 1871 et

289 1907 554 1960 responderi,
585 1906 821 1947 defendere
853 1912 896 1946 et
929 1905 1106 1946 defendi
1130 1905 1307 1946 valeant
1339 1911 1382 1945 et
1414 1905 1586 1958 possint
1618 1905 1660 1944 in
1694 1905 2025 1958 quibuscunque
2042 1923 2085 1946 20

288 1981 427 2030 curiis,
451 1981 624 2033 placeis,
648 1987 691 2021 et
715 1980 820 2020 locis
850 1987 892 2020 et
922 1993 1069 2020 coram
1094 1979 1425 2032 quibuscunque
1453 1979 1675 2032 judicibus
1705 1984 1747 2019 et
1776 1978 2023 2031 justitiariis

289 2069 337 2096 ac
380 2055 474 2095 aliis
516 2055 713 2108 personis
755 2061 798 2095 et
839 2053 1060 2094 officiariis
1102 2053 1265 2103 nostris,
1302 2067 1352 2093 ac
1389 2053 1601 2093 heredum
1640 2059 1683 2093 et
1720 2066 2022 2094 successorum

289 2136 541 2178 nostrorum,
579 2130 621 2169 in
664 2129 868 2169 omuibus
910 2128 1051 2177 sectis,
1089 2127 1288 2180 querelis,
1331 2127 1511 2180 placitiS,
1554 2127 1708 2177 causis,
1751 2127 1939 2167 materiis
1980 2133 2023 2167 et

290 2204 522 2243 demandis
546 2203 746 2252 realibus,
770 2202 1085 2256 personalibus,
1109 2208 1151 2242 et
1182 2201 1346 2250 mixtis,
1370 2207 1413 2241 et
1443 2201 1537 2241 aliis
1567 2201 1907 2254 quibuscunque,
1931 2206 2022 2241 tam

290 2277 589 2330 spiritualibus
626 2290 758 2330 quam
797 2276 1126 2329 temporalibus,
1159 2275 1454 2328 cujuscunque
1488 2275 1575 2315 sint
1611 2275 1795 2328 generis,
1828 2281 2023 2325 naturae,
2042 2292 2083 2327 25

289 2365 364 2391 seu
398 2351 568 2404 speciei,
592 2351 759 2391 eisdem
791 2351 925 2390 modo
955 2356 998 2390 et
1027 2349 1169 2390 forma
1198 2356 1326 2402 prout
1356 2349 1428 2389 alii
1459 2348 1560 2401 ligei
1590 2349 1719 2388 nostri
1749 2348 1878 2402 hujus
1901 2349 2023 2402 regni

289 2425 417 2465 nostri
460 2425 654 2478 Angliae
704 2438 914 2478 personae
955 2423 1123 2464 habiles
1166 2430 1208 2464 et
1251 2424 1293 2463 in
1337 2423 1433 2476 lege
1484 2436 1668 2476 capaces
1720 2423 1929 2476 placitare
1980 2429 2025 2464 et

290 2499 560 2552 implacitari,
584 2499 852 2551 respondere
874 2504 917 2538 et
940 2497 1206 2551 responderi,
1229 2496 1467 2537 defendere
1496 2503 1539 2537 et
1567 2496 1757 2547 defendi,
1780 2511 1829 2537 ac
1852 2497 2024 2547 habere,

291 2573 549 2626 perquirere,
572 2573 774 2625 recipere,
798 2572 1032 2625 possidere,
1055 2572 1171 2620 dare,
1195 2571 1436 2611 concedere
1465 2577 1508 2612 et
1536 2571 1759 2612 dimittere
1781 2571 1958 2612 valeant
1980 2578 2024 2612 et

292 2648 489 2699 possint;
527 2654 569 2687 et
601 2647 714 2699 quod
748 2646 880 2686 iidem
920 2645 1076 2698 Major,
1109 2645 1408 2695 Aldermauui,
1440 2651 1483 2685 et
1522 2645 1770 2698 Burgenses
1802 2645 1933 2685 villae
1968 2645 2024 2685 de
2043 2663 2086 2696 30

293 2721 590 2773 Nottingham
634 2721 889 2773 praedictae,
932 2726 975 2760 et
1021 2732 1294 2759 successores
1345 2719 1422 2767 sui,
1464 2718 1653 2760 habeant
1704 2719 2022 2772 imperpetuum

292 2807 526 2834 commune
554 2794 744 2846 sigillum
773 2808 850 2847 pra
879 2793 1020 2834 causis
1049 2800 1092 2834 et
1122 2793 1310 2846 negotiis
1340 2793 1428 2833 suis
1451 2798 1494 2833 et
1517 2806 1816 2833 successorum
1846 2806 2021 2833 suorum

292 2867 623 2921 quibuscunque
654 2867 839 2920 agendis
875 2867 1222 2917 deserviturum;
1259 2872 1302 2907 et
1334 2867 1447 2919 quod
1480 2867 1593 2907 bene
1629 2866 1758 2908 liceat
1794 2872 1838 2907 et
1874 2866 2022 2907 licebit

292 2941 457 2982 eisdem
497 2942 668 2995 Majori,
700 2941 1022 2989 Aldernmmeis,
1059 2947 1103 2981 et
1140 2939 1448 2992 Burgensibus,
1480 2946 1524 2981 et
1560 2939 1886 2980 successoribus
1922 2940 2022 2989 suis,

293 3015 482 3068 sigillum
525 3015 631 3056 illud
674 3015 729 3055 ad
771 3014 943 3055 libitum
985 3027 1111 3054 suum
1153 3015 1209 3054 de
1249 3020 1449 3067 ternpore
1497 3014 1540 3054 in
1582 3020 1758 3067 tempus
1810 3013 2020 3066 frangere,
2041 3034 2080 3069 35

293 3095 473 3138 mutare,
497 3095 540 3129 et
562 3089 617 3129 de
640 3102 754 3128 novo
777 3087 930 3136 facere,
953 3094 1080 3140 prout
1103 3087 1164 3127 eis
1187 3087 1342 3127 melius
1365 3085 1454 3126 fieri
1478 3093 1521 3127 et
1543 3086 1634 3127 fore
1655 3086 1884 3127 videbitur.

381 3163 439 3204 Et
476 3162 650 3203 ulterius
687 3161 901 3210 volumus,
939 3168 981 3200 et
1019 3174 1098 3213 per
1131 3166 1380 3212 praesentes
1418 3173 1495 3212 pro
1531 3159 1669 3210 nobis,
1706 3160 1940 3200 heredibus
1976 3165 2019 3201 et

956 3326 964 3339 ¹
988 3322 1116 3363 erunl,]
1137 3321 1264 3361 ‘erints
1283 3322 1357 3354 MS.
