2164 3804
263 387 316 427 62
524 392 746 426 RECORDS
775 391 836 424 OF
868 391 970 424 THE
1001 389 1238 423 BOROUGH
1270 389 1332 423 OF
1366 388 1718 422 NOTTINGHAM.
1856 379 1986 433 [1682

261 516 390 558 villae
421 516 675 570 praedictae,
698 521 741 556 et
772 514 1096 555 successoribus
1127 513 1227 562 suis,
1250 512 1368 565 quod
1391 513 1447 552 de
1478 517 1620 552 cetero
1652 511 1987 564 imperpetuum,

264 591 344 644 ipsi
377 597 420 632 et
448 603 720 631 successores
748 589 814 629 sui
848 588 1037 629 habeant
1070 593 1114 628 et
1147 586 1370 627 habebunt
1403 585 1515 626 infra
1543 584 1692 625 villam
1722 584 1988 638 praedictam

264 666 375 706 duos
396 665 606 705 honestos
629 670 673 705 et
689 663 902 704 discretos
919 662 1033 702 viros
1051 661 1124 714 qui
1142 667 1269 701 erunt
1291 667 1334 701 et
1352 660 1628 700 vocabuntur
1649 659 1989 701 ‘Coronatores'

265 739 394 780 villae
416 737 669 792 praedictae,
688 737 799 777 sicut
831 736 1015 788 antiquo
1047 735 1300 783 habuerunt,
1324 740 1367 774 et
1400 733 1533 773 modo
1562 732 1737 782 habent,
1760 732 1834 785 qui
1863 738 1990 773 erunt

264 812 490 866 perpetuis
523 811 678 852 futuris
715 809 987 862 temporibus
1022 808 1289 856 assistentes,
1323 806 1614 855 consulentes,
1646 812 1690 847 et
1724 805 1990 846 auxiliantes

266 886 433 939 Majorz'
461 885 588 926 villae
620 884 890 938 praedictae;
922 889 965 924 et
991 882 1103 935 quod
1137 881 1353 934 praedicti
1383 881 1678 922 Coronatores
1710 879 1840 920 villae
1871 893 1990 932 prae-

265 960 406 1000 dictae
436 973 514 1012 pro
545 965 743 1011 tempore
776 957 1013 997 existentes
1046 955 1205 996 facient
1237 954 1387 995 omnia
1418 960 1461 994 et
1492 953 1665 1006 singula
1699 952 1810 993 infra
1841 953 1988 994 villam

265 1033 543 1087 praedictam,
566 1032 723 1073 limites
744 1037 786 1072 et
809 1030 1081 1084 praecinctus
1108 1028 1319 1081 ejusdem,
1341 1041 1454 1081 quae
1476 1027 1632 1080 aliquis
1656 1027 1902 1069 Coronator
1923 1027 1990 1067 vel

265 1108 398 1161 aliqui
434 1108 728 1149 Coronatores
761 1105 921 1145 virtute
957 1103 1099 1144 officii
1130 1102 1244 1143 illius
1281 1101 1422 1142 facere
1459 1107 1502 1142 et
1539 1100 1700 1154 exequi
1737 1101 1882 1153 potuit
1916 1107 1991 1142 aut

265 1181 428 1229 debuit,
451 1179 622 1233 possint
651 1185 726 1220 aut
751 1178 926 1227 debent,
949 1183 992 1218 et
1019 1190 1106 1217 non
1133 1176 1267 1217 aliter.
1332 1176 1391 1216 Et
1420 1189 1497 1228 pro
1527 1174 1694 1215 meliori
1725 1174 1991 1215 executione

265 1254 507 1296 voluntatis
536 1260 580 1294 et
608 1251 906 1293 concessionis
934 1256 1102 1291 nostrae
1131 1250 1172 1290 in
1203 1250 1284 1290 hac
1311 1255 1457 1303 parte,
1480 1248 1770 1301 assignamus,
1792 1248 1992 1288 nomina-

267 1343 374 1378 mus,
401 1327 711 1369 constituimus
745 1333 788 1367 et
820 1325 1004 1366 facimus
1036 1324 1212 1365 dilectos
1245 1323 1371 1364 nobis
1406 1323 1655 1363 Robertum
1688 1322 1924 1376 XVorthley
1949 1329 1992 1364 et

266 1402 531 1444 Willelmum
570 1400 854 1448 WVoolhouse,
876 1412 1108 1451 generosos,
1132 1397 1223 1438 fore
1259 1404 1302 1438 et
1339 1410 1432 1437 esse
1474 1396 1639 1449 primos
1676 1402 1720 1437 et
1757 1396 1993 1436 modernos

268 1477 562 1519 Coronatores
598 1474 729 1515 villae
765 1473 1009 1527 praedictae
1041 1471 1298 1513 durantibus
1330 1471 1430 1512 vitis
1467 1471 1556 1511 suis
1594 1470 1878 1520 naturalibus,
1911 1470 1993 1510 nisi

266 1550 436 1591 interim
469 1549 540 1598 illi,
564 1548 654 1589 sive
686 1561 836 1588 eorum
866 1546 985 1596 alter,
1009 1559 1086 1599 pro
1108 1559 1154 1586 se
1176 1545 1290 1585 male
1319 1544 1507 1597 gerendo
1528 1544 1570 1584 in
1594 1543 1739 1584 officio
1762 1544 1831 1584 illo
1853 1545 1997 1586 amoti

266 1623 427 1664 fuerint
457 1622 523 1663 vel
555 1621 683 1662 fuerit
714 1635 793 1674 per
827 1620 1038 1673 Majorem
1075 1626 1119 1661 et
1157 1620 1403 1662 Commune
1436 1618 1681 1661 Consilium
1713 1619 1843 1660 villae
1874 1633 1993 1672 prae-

267 1698 408 1738 dictae
429 1710 507 1750 pre
528 1702 728 1748 tempore
753 1695 1001 1735 existentes.
1066 1694 1124 1734 Et
1146 1693 1360 1742 volumus,
1383 1693 1495 1746 quod
1526 1692 1742 1745 praedicti
1768 1692 1993 1734 Robertus

267 1770 502 1824 &Vorthley
524 1776 567 1811 et
589 1769 831 1810 &Villelmus
854 1768 1136 1817 lNoolhouse,
1159 1774 1202 1809 et
1224 1768 1383 1822 quique
1406 1769 1702 1810 Coronatores
1724 1768 1853 1809 villae
1874 1783 1993 1822 prae-

268 1845 410 1886 dictae
443 1844 726 1897 imposterum
757 1843 960 1896 eligendi,
983 1849 1222 1895 antequam
1253 1843 1307 1882 ad
1340 1841 1486 1882 officia
1520 1842 1841 1883 Coronatorum
1874 1856 1993 1896 prae-

268 1919 487 1960 dictorum
520 1918 815 1958 admittantur
843 1923 918 1957 aut
950 1917 1222 1966 admittatur,
1257 1922 1580 1956 sacramentnm
1612 1916 1835 1969 corporale
1865 1930 1998 1970 super

268 1998 545 2033 sacrosancta
597 1991 681 2032 Dei
735 1990 1001 2044 Evangelia1
1045 2004 1192 2031 coram
1245 1990 1417 2043 Majore
1458 1989 1586 2030 villae
1632 1990 1878 2043 praedictae
1917 2005 1996 2044 pro

269 2073 469 2120 tempore
491 2066 713 2115 existenti,
736 2067 790 2106 ad
820 2065 969 2106 omnia
998 2072 1041 2106 et
1070 2065 1252 2118 singula,
1276 2078 1389 2118 quae
1412 2065 1467 2105 ad
1490 2064 1684 2105 officium
1709 2065 1997 2106 Coronatoris

269 2140 400 2181 villae
428 2139 674 2194 praedictae
702 2139 939 2192 pertinent,
963 2145 1090 2188 recte,
1112 2138 1235 2187 bene,
1258 2144 1301 2178 et
1325 2137 1508 2178 fideliter
1538 2138 1580 2178 in
1613 2138 1818 2179 omnibus
1850 2145 1894 2180 et
1920 2152 2000 2192 per

270 2214 419 2254 omnia
440 2214 642 2254 facienda
670 2219 714 2254 et
740 2213 1016 2266 exequanda,
1040 2212 1335 2266 praestabunt,
1358 2218 1401 2252 et
1430 2212 1694 2265 praestabit:
1725 2212 1793 2252 cui
1816 2212 1993 2265 quidem

271 2287 438 2341 Majorz'
475 2288 604 2328 villae
646 2287 888 2340 praedictae
933 2300 1010 2340 pro
1050 2293 1250 2339 tempore
1291 2286 1510 2326 existenti
1556 2286 1812 2339 hujusmodi
1854 2300 1996 2327 sacra-

272 2367 469 2402 mentum
502 2361 846 2401 administrandi
874 2374 951 2413 pro
977 2360 1114 2409 nobis,
1141 2360 1374 2400 heredibus
1401 2366 1443 2400 et
1475 2360 1798 2400 successoribus
1828 2361 1996 2410 nostris,

271 2434 578 2475 authoritatem
611 2440 654 2475 et
686 2440 948 2487 potestatem
980 2434 1263 2474 concedimus
1296 2447 1374 2487 per
1403 2441 1665 2487 praesentes.
1729 2435 1788 2475 Et
1821 2434 1996 2475 ulterius

272 2509 486 2558 volumus,
519 2522 568 2548 ac
605 2522 684 2561 per
721 2514 971 2561 praesentes
1013 2521 1091 2561 pro
1131 2507 1270 2556 nobis,
1312 2507 1547 2547 heredibus
1589 2513 1632 2548 et
1673 2508 1997 2548 successoribus

273 2582 440 2631 nostris
463 2582 746 2622 concedimus
779 2581 952 2635 Majori,
975 2581 1296 2630 Aldermannis,
1319 2587 1362 2621 et
1396 2581 1695 2634 Burgensibus
1721 2582 1851 2622 villae
1879 2596 1997 2636 prae-

273 2656 414 2697 dictae
464 2669 541 2709 pro
591 2662 790 2708 tempore
840 2655 1140 2704 existentibus,
1183 2661 1226 2696 et
1267 2655 1591 2695 successoribus
1641 2655 1741 2705 suis,
1782 2657 1901 2709 quod
1943 2657 1998 2698 de

273 2736 474 2783 tempore
495 2730 536 2769 in
556 2736 742 2782 tempus,
760 2735 860 2782 post
883 2736 1063 2770 mortem
1081 2729 1148 2770 vel
1171 2730 1444 2770 amotionem
1468 2730 1786 2783 praedictorum
1811 2730 1997 2772 Roberti

276 2804 510 2857 Worthley
532 2810 575 2845 et
607 2804 817 2844 willelmi
845 2804 1128 2853 Woolhouse,
1151 2804 1218 2844 vel
1251 2804 1432 2845 alterius
1462 2818 1622 2854 eorum,
1650 2805 1763 2846 bene
1795 2805 1923 2847 liceat
1955 2812 1999 2847 et

276 2878 424 2918 licebit
457 2877 631 2930 Majori,
658 2876 966 2917 Aldermatmis
998 2883 1041 2918 et
1075 2877 1348 2931 Capitalibus
1380 2878 1666 2928 consiliariis,
1698 2892 1778 2919 sex
1812 2880 1998 2921 Consili-

277 2951 388 3000 ariis,
410 2957 453 2992 et
485 2957 551 2991 tot
573 2951 628 2990 de
660 2950 710 2990 iis
740 2950 1039 3003 Burgensibus
1069 2951 1142 3004 qui
1172 2950 1320 2992 officia
1349 2952 1671 2993 Vicecomitum
1701 2959 1744 2994 et
1772 2954 1999 2995 Camerar-

277 3025 416 3065 iorum
438 3030 638 3076 tempore
659 3023 915 3076 hujusmodi
945 3023 1171 3065 electionis
1200 3031 1357 3077 gerunt
1379 3032 1423 3066 et
1444 3025 1645 3076 subeunt,
1668 3033 1743 3068 aut
1765 3034 1999 3081 praeantea

276 3103 505 3152 gesserunt
526 3103 601 3138 aut
622 3097 860 3146 subierunt,
883 3097 949 3137 vel
977 3097 1138 3151 majori
1156 3099 1268 3151 parti
1291 3112 1439 3140 eorum
1461 3099 1665 3152 (quorum
1689 3100 1900 3154 Majorem
1923 3116 2000 3155 pro

277 3179 476 3225 tempore
517 3171 775 3211 existentem.
821 3184 954 3210 unum
1003 3184 1098 3211 esse
1138 3171 1371 3225 volumus),
1413 3186 1548 3212 unum
1590 3173 1741 3223 virum,
1779 3174 1846 3214 vel
1888 3175 1999 3215 duos

277 3246 402 3295 viros,
425 3245 467 3284 in
505 3243 652 3285 officia
689 3250 996 3284 coronatorum
1033 3244 1162 3284 villae
1198 3246 1444 3297 praedictae
1479 3246 1638 3298 eligere
1674 3253 1717 3287 et
1758 3247 1998 3301 praeficere,

859 3341 867 3355 ¹
891 3339 1087 3379 evangelia‚]
1107 3338 1312 3382 ‘evangelii,'
1331 3340 1405 3373 MS.

2015 1186 2053 1210 10

2016 1557 2052 1592 15

2013 1933 2056 1957 20

2015 2305 2056 2340 25

2017 2677 2059 2710 30

2019 3043 2058 3078 35
