2164 3804
287 396 344 435 44
547 393 768 428 RECORDS
800 395 861 428 or
894 394 995 425 THE
1027 392 1264 426 BORoucH
1297 392 1359 425 OF
1391 392 1742 425 NOTTINGHAM.
1881 382 2012 436 [1682

287 514 471 564 fuerunt,
494 521 585 556 tam
609 530 685 570 per
706 516 878 558 chartas
907 516 1176 557 diversorum
1205 514 1532 568 progenitorum
1561 520 1605 555 et
1633 513 2013 568 praedecessorum

287 595 538 639 nostrorum,
562 603 702 643 nuper
723 591 897 644 Regum
927 596 971 630 et
1002 589 1271 642 Reginarum
1294 588 1498 642 Aninae,
1521 588 1582 629 eis
1612 594 1846 642 praeantea
1875 586 2014 628 factas

286 669 329 704 et
351 677 584 704 concessas
604 670 647 704 et
669 663 953 705 confirmatas
974 676 1106 716 quam
1131 662 1302 703 ratione
1328 662 1596 703 diversarum
1622 660 2014 715 praescriptionum

286 743 330 777 et
351 738 720 778 consuetudinum
743 737 785 777 in
815 737 971 778 eadem
994 736 1107 785 villa,
1131 750 1156 776 a
1183 742 1383 789 tempore
1411 735 1534 789 cujus
1563 735 1777 776 contrarii
1803 734 2015 775 memoria

286 811 514 851 hominum
538 825 625 851 non
649 811 812 860 existit,
835 811 1100 852 usitatarum
1120 824 1128 860 ;
1160 823 1345 863 cumque
1366 822 1446 850 nos
1468 808 1691 849 informati
1721 822 1871 849 sumus
1901 807 2013 861 quod
2056 812 2074 847 5

286 885 507 938 quaedam
543 884 855 938 ambiguitates
890 884 931 924 in
967 883 1302 937 quamplurimis
1335 883 1496 924 chartis
1528 889 1571 924 et
1603 882 1733 923 literis
1765 881 2016 936 patentibus

286 959 346 999 eis
369 964 604 1012 praeantea
625 957 754 999 factis
775 958 984 1007 existunt,
1003 957 1174 998 ratione
1191 958 1303 1011 quod
1327 956 1539 997 nonnulla
1560 956 1603 997 in
1621 957 1785 997 eisdem
1805 961 2015 997 contenta

286 1045 372 1073 non
397 1031 525 1085 plene
547 1045 757 1085 expressa
779 1045 859 1073 nec
880 1032 1023 1072 verbis
1046 1031 1152 1072 satis
1176 1031 1344 1072 idoneis
1366 1044 1575 1071 concessa
1597 1029 1772 1071 fuerunt
1798 1043 1875 1083 pro
1895 1029 2014 1070 bono

285 1106 507 1159 regimine,
549 1105 878 1159 gubernatione,
926 1112 970 1146 et
1020 1105 1256 1146 commodo
1296 1104 1425 1145 villae
1475 1103 1731 1157 praedictae,
1772 1104 2014 1145 secundum

285 1193 433 1219 veram
471 1179 764 1220 intentionem
802 1180 1041 1220 earundem
1080 1179 1328 1220 chartarum
1365 1191 1440 1218 seu
1483 1177 1700 1218 literarum
1742 1177 2013 1231 patentium;
2037 1187 2076 1210 10

285 1267 471 1306 cumque
487 1253 634 1294 dilecti
657 1253 821 1294 subditi
840 1253 967 1294 nostri
991 1252 1137 1306 Major
1158 1258 1202 1293 et
1225 1253 1471 1305 Burgenses
1488 1251 1616 1292 villae
1638 1252 1694 1292 de
1717 1250 2012 1305 Nottingham

286 1327 530 1380 praedictae
558 1327 684 1368 nobis
713 1341 884 1368 sursum
915 1326 1201 1368 reddiderunt
1230 1325 1373 1366 literas
1403 1332 1606 1379 patentes
1633 1332 1676 1366 et
1698 1325 1872 1366 chartas
1894 1338 2013 1378 prae-

285 1401 438 1450 dictas,
457 1414 506 1441 ac
523 1401 672 1441 omnia
689 1401 914 1442 libertates
931 1407 975 1442 et
992 1400 1219 1454 privilegia
1235 1413 1314 1441 sua
1331 1413 1815 1453 quaecunque,-quam
1834 1398 2012 1452 quidem

286 1488 456 1515 sursum
487 1475 779 1516 redditionem
804 1474 1141 1528 acceptavimus,
1165 1487 1214 1514 ac
1241 1487 1319 1527 per
1344 1479 1593 1527 praesentes
1616 1477 2014 1526 acceptamus,-et

285 1548 508 1589 humiliter
530 1548 899 1602 supplicaverunt,
923 1548 1041 1602 quod
1066 1561 1145 1588 nos
1168 1561 1322 1588 omnes
1345 1553 1387 1588 et
1410 1547 1605 1600 singulas
1627 1547 1863 1596 libertates,
1886 1545 2014 1600 privi-
2039 1559 2075 1593 ¹5

285 1622 408 1676 legia,
446 1622 746 1664 immunitates
788 1629 831 1664 et
872 1622 1179 1664 concessiones
1215 1621 1412 1662 omnium
1450 1621 1777 1674 progenitorum
1814 1627 1857 1661 et
1893 1626 2015 1661 ante-

286 1710 506 1737 cessorum
529 1703 769 1737 nostrorum
792 1696 959 1737 eisdem
983 1695 1155 1749 Majori‚
1174 1695 1481 1736 Aldermannis
1504 1702 1548 1736 et
1572 1695 1868 1748 Burgensibus
1887 1694 2015 1735 villae

286 1771 341 1812 de
375 1771 684 1824 Nottingham,
717 1777 792 1811 aut
829 1769 1235 1824 praedecessoribus
1271 1769 1371 1818 suis,
1404 1783 1479 1822 per
1515 1768 1694 1822 aliquod
1731 1782 1892 1809 nomen
1924 1767 2015 1809 sive

286 1844 459 1898 aliquae
481 1845 662 1885 nomina
685 1844 1051 1898 incorporationis
1074 1843 1191 1884 facta
1213 1857 1288 1884 seu
1311 1857 1531 1893 concessa,
1554 1844 1608 1884 de
1631 1857 1746 1884 novo
1774 1842 2016 1884 concedere

285 1919 568 1972 dignaremur
599 1932 698 1959 cum
732 1918 960 1959 additione
992 1917 1418 1971 augmentationum,
1440 1917 1760 1966 alterationum,
1783 1923 1827 1958 et
1849 1916 2015 1970 explic·
2036 1932 2077 1955 20

287 1993 486 2033 ationum
509 1993 784 2046 quarundam
816 1992 1080 2041 libertatum,
1102 1991 1446 2040 concessionum,
1470 1990 1807 2044 privilegiorum,
1830 1997 1874 2032 et
1902 1990 2016 2031 fran-

286 2066 536 2107 chesiarum
563 2073 691 2120 prout
718 2066 844 2107 nobis
868 2065 1023 2106 melius
1046 2065 1273 2106 videbitur
1290 2079 1368 2118 pro
1390 2064 1507 2105 bono
1530 2065 1708 2118 publico
1729 2071 1773 2106 et
1795 2064 2016 2106 communi

287 2141 476 2182 utilitate
497 2141 695 2193 ejusdem
719 2140 873 2180 villae:

375 2214 533 2257 Sciatis
566 2214 707 2268 igitur,
739 2214 852 2267 quod
886 2227 965 2254 nos
998 2212 1405 2267 augmentationem
1437 2219 1480 2254 et
1512 2212 1865 2254 emendationem
1888 2212 2017 2253 villae

287 2288 543 2342 praedictae,
566 2301 737 2329 necnon
760 2287 925 2329 bonum
947 2293 1111 2328 statum
1138 2293 1181 2328 et
1209 2287 1571 2340 gubernationem
1595 2286 1804 2340 ejusdem,
1828 2292 1876 2328 ut
1897 2299 2016 2340 prae·
2037 2300 2077 2335 25

287 2362 431 2412 fertur,
454 2362 723 2411 affectantes,
747 2368 790 2403 et
812 2361 1010 2402 volentes
1039 2361 1152 2414 quod
1182 2361 1238 2402 de
1266 2367 1409 2402 cetero
1438 2361 1756 2414 imperpetuum
1787 2361 1833 2401 in
1860 2360 2016 2401 eadem

288 2437 390 2477 villa
431 2442 474 2477 et
515 2435 831 2489 praecinctibus
872 2435 1070 2488 ejusdem
1114 2435 1324 2476 continuo
1375 2434 1586 2476 habeatur
1636 2447 1747 2475 unus
1789 2439 1933 2475 certus
1974 2439 2018 2475 et

288 2510 564 2552 indubitatus
583 2510 740 2550 modus
762 2516 806 2551 et
829 2509 970 2550 forma
991 2510 1047 2550 de
1069 2515 1112 2550 et
1134 2523 1213 2562 pro
1235 2509 1437 2550 custodia
1460 2509 1584 2549 Pacis
1607 2515 1650 2550 et
1672 2509 1790 2550 bono
1807 2507 2018 2562 regimine

288 2593 331 2627 et
372 2585 694 2639 gubernatione
735 2584 886 2638 populi
929 2583 1100 2633 ibidem,
1143 2589 1186 2624 et
1227 2583 1339 2636 quod
1377 2582 1480 2623 villa
1520 2582 1740 2636 praedicta
1781 2582 1837 2623 de
1877 2588 2018 2622 cetero

288 2660 605 2713 imperpetuum
647 2658 703 2699 sit
744 2665 788 2700 et
829 2664 1086 2712 permaneat
1122 2657 1225 2698 villa
1266 2656 1386 2710 pacis
1424 2663 1467 2698 et
1504 2656 1675 2710 quietis,
1713 2656 1767 2697 ad
1809 2663 2019 2697 terrorem
2038 2671 2080 2705 30

290 2734 516 2783 malorum,
540 2739 582 2774 et
615 2733 854 2786 praemium
887 2732 1114 2781 bonorum,
1141 2737 1184 2772 et
1216 2731 1328 2784 quod
1361 2744 1452 2784 pax
1485 2737 1627 2771 nostra
1658 2736 1882 2784 ceteraque
1909 2729 2024 2772 facta

284 2808 481 2861 justitiae
523 2807 682 2848 ibidem
726 2807 888 2860 absque
929 2805 1119 2846 ulteriori
1161 2804 1376 2845 dilatione
1417 2804 1731 2854 observentur;
1782 2804 1838 2845 de
1878 2804 2021 2857 gratia

288 2889 430 2923 nostra
461 2881 631 2935 speciali
666 2887 710 2921 et
744 2894 801 2921 ex
836 2886 955 2921 certa
988 2878 1172 2920 scientia
1205 2885 1248 2919 et
1281 2891 1402 2919 mero
1435 2884 1558 2919 motu
1594 2878 1756 2927 nostris,
1788 2877 2019 2928 voluimus,

289 2955 601 3004 ordinavimus,
643 2953 953 2995 constituimus
999 2959 1043 2993 et
1089 2951 1397 3001 concessimus,
1440 2966 1490 2992 ac
1531 2966 1610 3005 per
1648 2958 1896 3005 praesentes
1943 2966 2021 3006 pro

289 3030 428 3080 nobis,
459 3028 693 3070 heredibus
730 3034 773 3069 et
809 3025 1132 3067 successoribus
1167 3025 1329 3074 nostris,
1362 3024 1576 3074 volumus,
1612 3025 1880 3075 ordinamus,
1917 3039 2019 3066 con·
2037 3043 2076 3078 35

290 3103 524 3152 stituimus,
547 3102 822 3143 declaramus
845 3107 889 3141 et
914 3099 1210 3148 concedimus,
1234 3099 1347 3152 quod
1377 3099 1494 3139 dicta
1516 3097 1619 3139 villa
1646 3099 1702 3139 de
1730 3105 1871 3139 cetero
1899 3097 1955 3139 sit
1976 3104 2021 3139 et

290 3180 371 3220 erit
392 3178 528 3219 libera
549 3177 651 3217 villa
673 3176 727 3216 de
749 3189 795 3215 se
814 3189 822 3225 ;
854 3181 898 3215 et
920 3174 1032 3227 quod
1057 3174 1303 3226 Burgenses
1326 3172 1470 3213 dictae
1492 3172 1620 3213 villae
1643 3173 1698 3214 de
1722 3171 2017 3226 Nottingham

291 3266 370 3306 per
398 3251 689 3305 quodcunque
721 3260 882 3289 nomen
921 3247 1108 3288 antehac
1144 3246 1418 3300 incorporati
1450 3245 1636 3296 fuerunt,
1669 3252 1712 3287 et
1747 3259 2019 3287 successores

291 3329 367 3378 sui,
394 3328 448 3368 de
480 3333 621 3368 cetero
653 3324 975 3378 imperpetuum
1007 3323 1095 3364 sint
1127 3329 1170 3365 et
1202 3330 1351 3364 erunt1
1375 3323 1523 3377 vigore
1555 3324 1857 3377 praesentium,
1884 3335 2018 3365 unum
