2164 3804
281 390 331 434 5⁹
535 389 757 423 RECORDS
788 388 842 421 OF
881 387 982 420 'I‘HE
1014 384 1251 419 BOROUGH
1284 384 1345 416 OF
1378 381 1728 415 NOTTINGHAM.
1868 373 1998 427 [1682

308 413 331 422 a

279 513 508 566 Deputato
537 526 616 553 suo
645 526 724 565 pro
753 517 951 564 tempore
979 507 1201 557 existenti,
1225 507 1279 547 ad
1303 505 1495 546 officium
1526 505 1638 545 illud
1661 511 1787 554 recte,
1810 505 1923 545 bene
1958 511 2001 545 et

278 586 463 627 fideliter
496 587 538 626 in
573 586 777 626 omnibus
812 585 867 625 ad
896 583 1090 624 officium
1122 582 1196 622 illo
1225 579 1506 633 tangentibus
1536 579 1859 632 exequendum,
1882 578 2000 632 prius

277 661 542 714 praestabit;
589 666 632 701 et
669 660 792 712 quod,
830 665 930 712 post
971 656 1225 711 hujusmodi
1267 659 1590 695 sacramentum
1633 653 1693 693 sic
1730 652 2000 706 praestitum,

277 733 469 774 officium
514 734 696 787 Majoris
737 733 1005 786 praedictum
1048 744 1125 784 pro
1165 743 1254 770 uno
1296 742 1412 769 anno
1453 728 1625 779 integro
1661 733 1765 767 tunc
1802 726 2001 779 proximo

277 807 482 861 sequenti
511 808 671 860 exequi
705 807 849 847 valeat
882 813 925 846 et
959 805 1109 858 possit,
1132 810 1174 844 et
1207 803 1367 843 abinde
1399 815 1624 854 quousque
1657 814 1770 840 unns
1803 800 1916 840 alius
1946 800 2001 840 de
2042 803 2060 838 5

277 881 584 922 Aldermamzis
606 881 840 934 praedictis
861 880 902 920 in
926 878 1118 920 officium
1143 877 1325 930 Majoris
1348 876 1512 916 electus
1535 881 1578 915 et
1601 873 1843 928 praefectus
1866 873 2000 914 fuerit.

279 955 337 995 Et
369 955 543 996 ulterius
576 955 787 1003 volumus
818 968 866 994 ac
899 968 977 1006 per
1005 958 1254 1006 praesentes
1287 964 1364 1003 pro
1396 949 1534 998 nobiS,
1562 948 1808 998 heredibus,
1831 953 1874 988 et
1905 961 2000 988 suc-

276 1029 519 1069 cessoribus
542 1029 703 1077 nostris,
726 1027 1008 1068 concedimus
1031 1024 1236 1079 praefatis
1258 1023 1429 1077 Majori,
1452 1022 1770 1070 Aldermmmis,
1793 1028 1836 1062 et
1863 1022 2000 1074 Burg-

277 1103 453 1144 ensibus
494 1103 623 1144 villae
663 1102 916 1156 praedictae,
951 1106 994 1141 et
1035 1098 1358 1140 successoribus
1400 1097 1499 1146 suis,
1534 1097 1647 1150 quod
1690 1096 1724 1136 si
1767 1096 2001 1149 contigerit

277 1177 487 1230 Majorem
524 1177 648 1217 villae
689 1175 932 1229 praedictae
968 1188 1045 1227 pro
1080 1180 1280 1226 tempore
1321 1171 1580 1212 existenlem
1623 1171 1683 1210 sic
1724 1170 2001 1223 aegritudine
2024 1177 2062 1200 10

275 1250 472 1291 laborare
513 1251 624 1303 qnod
673 1248 920 1290 necessaria
962 1247 1140 1301 negotia
1181 1246 1310 1287 villae
1356 1245 1600 1299 praedictae
1641 1245 1871 1285 attendere
1912 1258 1999 1285 non

277 1324 424 1376 possit,
458 1330 533 1364 aut
570 1323 717 1364 villam
760 1322 1025 1376 praedictam
1062 1334 1141 1373 pro
1178 1319 1324 1372 aliqua
1360 1332 1491 1358 causa
1532 1317 1782 1359 rationabili
1820 1317 1999 1370 egredi,1

275 1397 413 1450 qzc0d2
436 1403 539 1437 tunc
573 1403 617 1437 et
650 1396 780 1437 toties
815 1397 869 1436 de
901 1402 1099 1448 tempore
1131 1394 1173 1433 in
1207 1400 1382 1446 tempus
1412 1392 1542 1433 liceat
1573 1398 1617 1433 et
1653 1391 1801 1432 licebit
1839 1391 2000 1445 Majori

274 1470 404 1511 villae
436 1471 677 1523 praedictae
709 1483 785 1523 pro
814 1476 1013 1522 tempore
1042 1467 1265 1517 existenti,
1289 1467 1349 1507 sic
1374 1466 1651 1519 aegritudine
1679 1465 1902 1506 laboranti
1926 1472 2002 1508 aut

274 1558 352 1597 pro
385 1544 531 1597 aliqua
564 1557 696 1584 causa
729 1543 972 1584 rationabili
1007 1542 1189 1590 absenti,
1212 1541 1382 1593 eligere,
1405 1541 1629 1594 deputare,
1659 1547 1703 1581 et
1735 1541 2000 1581 constituere
2023 1548 2059 1584 15

274 1618 495 1671 quendam
519 1618 650 1658 alium
674 1631 697 1658 e
719 1631 799 1657 sex
823 1616 1130 1658 Aldermamzis
1153 1615 1386 1669 praedictis
1408 1615 1498 1656 fore
1527 1621 1570 1656 et
1599 1629 1694 1655 esse
1725 1615 1999 1668 Deputatum

276 1692 486 1744 Majorem
519 1692 647 1731 villae
679 1692 931 1744 praedictae,
961 1690 1308 1731 continuandum
1343 1689 1383 1729 in
1419 1689 1574 1729 eodem
1607 1688 1750 1729 officio
1784 1689 2006 1742 Deputatz'

276 1765 461 1818 Majorz's
491 1765 620 1806 villae
651 1766 893 1818 praedictae
924 1765 965 1805 in
999 1764 1200 1805 absentia
1233 1770 1308 1804 aut
1340 1763 1618 1816 aegritudine
1656 1763 1838 1816 Majoris
1871 1763 2000 1804 villae

275 1839 518 1892 praedictae
558 1853 636 1892 pro
677 1845 876 1892 tempore
918 1838 1177 1888 existenli53
1220 1838 1293 1891 qui
1335 1838 1514 1891 quidem
1559 1838 1813 1891 Deputatus
1855 1837 2001 1891 Major

270 1913 399 1953 villae
433 1913 685 1966 praedictae,
722 1913 793 1962 sic,
826 1918 874 1953 ut
911 1911 1159 1965 praefertur,
1194 1912 1477 1965 deputandus
1508 1918 1551 1952 et
1587 1911 1925 1953 constituendus
1956 1911 1998 1951 in
2019 1924 2062 1947 20

272 1987 546 2039 Deputatum
572 1987 781 2039 Majorem
805 1986 933 2027 villae
955 1985 1199 2039 praedictae
1221 1999 1299 2038 pro
1327 1991 1526 2038 tempore
1555 1985 1829 2036 existentem,
1851 1986 2001 2026 omnia

271 2066 314 2101 et
345 2060 528 2113 singula,
552 2074 665 2113 quae
699 2061 754 2101 ad
789 2060 981 2100 officium
1017 2059 1201 2112 Majoris
1231 2059 1361 2100 villae
1397 2059 1511 2100 illius
1548 2059 1660 2100 infra
1695 2060 1844 2101 villam
1880 2074 1999 2114 prae-

271 2135 434 2176 dictam
466 2136 691 2188 pertinent
723 2142 766 2176 et
799 2135 1019 2188 pertinere
1051 2135 1215 2176 debent
1244 2135 1447 2175 facienda
1478 2141 1521 2176 et
1554 2136 1830 2188 exequenda,
1857 2135 2000 2175 facere

272 2216 315 2250 et
344 2210 503 2262 exequi
533 2210 678 2251 valeat
707 2216 750 2250 et
782 2210 921 2263 possit
947 2210 1134 2250 durante
1165 2210 1277 2250 bene
1308 2209 1472 2262 placito
1504 2209 1687 2263 Majoris
1719 2210 1849 2250 villae
1881 2223 1999 2263 prae-

272 2283 423 2332 dictae,
465 2284 507 2323 in
551 2284 751 2324 absentia
792 2284 858 2324 vel
900 2283 1177 2336 aegritudine
1217 2283 1415 2336 ejusdem
1459 2283 1641 2337 Majoris
1683 2298 1760 2337 pro
1800 2290 2000 2338 tempore
2019 2297 2059 2332 25

273 2357 514 2406 existentis,
538 2358 649 2398 adeo
681 2358 820 2411 plene,
844 2357 986 2406 libere,
1009 2363 1052 2398 et
1080 2357 1250 2410 integre
1279 2364 1406 2410 prout
1436 2358 1582 2411 Major
1603 2358 1729 2398 villae
1756 2358 2001 2412 praedictae

274 2444 351 2483 pro
387 2437 586 2483 tempore
622 2431 828 2480 existens,
861 2431 895 2470 si
932 2444 1134 2483 praesens
1168 2437 1292 2481 esset,
1325 2430 1467 2472 facere
1500 2438 1543 2473 et
1580 2432 1741 2485 exequi
1775 2433 1920 2474 valeat
1956 2440 2000 2475 et

275 2504 442 2557 possit;
475 2511 517 2545 et
546 2504 606 2544 sic
636 2505 765 2546 toties
788 2504 960 2557 quoties
989 2518 1115 2545 casus
1145 2505 1205 2545 sic
1234 2505 1451 2546 acciderit.
1515 2506 1574 2547 Et
1605 2507 1819 2557 volumus,
1843 2521 1892 2548 ac
1925 2521 2004 2561 per

274 2584 522 2630 praesentes
555 2592 631 2630 pro
662 2578 800 2627 nobis,
830 2578 1063 2618 heredibus
1096 2585 1139 2619 et
1170 2580 1494 2620 successoribus
1526 2581 1688 2631 nostris,
1717 2582 2000 2623 concedimus

277 2650 447 2703 Majori‚
471 2650 790 2700 Aldermamzis,
813 2658 855 2692 et
879 2652 1176 2704 Burgensibus
1193 2652 1318 2693 villae
1339 2654 1592 2706 praedictae,
1611 2662 1654 2696 et
1676 2657 1999 2698 successoribus
2019 2671 2061 2704 30

276 2724 375 2773 suis,
398 2725 510 2777 quod
540 2725 574 2764 si
604 2725 832 2777 contigerit
862 2725 1072 2777 Majorem
1102 2726 1231 2766 villae
1259 2727 1503 2779 praedictae
1531 2742 1608 2781 pro
1636 2735 1835 2783 tempore
1864 2732 1999 2773 exist-

276 2804 426 2846 entem,
469 2797 616 2850 aliquo
657 2804 855 2850 tempore
897 2798 1007 2839 infra
1048 2812 1182 2840 unum
1224 2814 1386 2841 annum
1428 2809 1664 2856 postquam
1708 2806 1763 2845 ad
1805 2805 1999 2847 officium

278 2871 464 2924 Majoris
495 2871 622 2912 villae
654 2872 897 2924 praedictae
927 2872 998 2921 sie,
1025 2879 1072 2913 ut
1104 2873 1351 2926 praefertur,
1381 2877 1645 2927 nominatus,
1677 2878 1851 2929 electus,
1881 2894 1999 2933 prae-

277 2945 427 2995 fectus,
450 2951 493 2986 et
511 2945 682 2998 juratus
704 2944 842 2994 fuerit,
865 2945 996 2995 obire,
1019 2952 1094 2987 aut
1123 2947 1178 2987 ab
1201 2947 1342 2988 officio
1371 2949 1439 2989 illo
1468 2952 1670 3002 amoveri,
1694 2954 1806 3005 quod
1830 2960 1934 2995 tunc
1956 2961 2000 2996 et

342 3161 351 3175 ¹
380 3158 480 3189 ‘This
505 3168 610 3189 seems
637 3162 670 3188 to
695 3157 736 3188 be
761 3157 919 3189 intended
945 3158 994 3189 for
1017 3159 1070 3189 in-
1202 3166 1263 3201 pro
1278 3162 1392 3201 aliqua
1408 3173 1504 3193 causa
1525 3165 1724 3196 rationabili
1740 3166 1886 3206 egredi?
1932 3167 2005 3205 (¹1f

271 3212 377 3251 gredi,
400 3211 570 3243 “enter.”'
607 3212 695 3242 Note
708 3217 742 3242 to
762 3211 955 3251 ‘Charters,’
973 3224 1001 3254 p.
1015 3214 1065 3253 96.
1204 3215 1259 3246 the
1285 3215 1401 3256 Mayor
1427 3217 1510 3248 shall
1538 3218 1669 3259 happen
1693 3224 1727 3250 to
1750 3230 1793 3260 go
1816 3226 1872 3252 out
1889 3221 1926 3252 of
1945 3222 1999 3253 the

279 3267 341 3297 But
362 3277 437 3307 may
460 3271 516 3297 not
538 3266 593 3297 the
617 3267 838 3298 construction
862 3267 903 3298 be
930 3268 981 3298 ‘si
998 3278 1068 3299 con-
1203 3274 1292 3300 town
1314 3270 1474 3301 aforesaid
1498 3271 1547 3302 sor
1570 3283 1634 3313 any
1650 3274 1841 3305 reasonable
1864 3275 1999 3314 cause.’)

276 3320 389 3359 legerit
421 3321 592 3360 Majorem,
621 3324 690 3358 etc„
723 3321 838 3351 villam
864 3321 1067 3370 praedt'clam
1202 3322 1283 3353 This
1299 3324 1515 3365 corresponds
1531 3325 1609 3356 with
1626 3326 1681 3357 the
1697 3327 1895 3369 subsequent
1923 3330 2000 3370 ‘pro
