2164 3804
286 392 343 430 90
548 390 769 423 RECORDS
797 390 858 422 oF
890 391 992 422 THE
1024 390 1261 424 BOROUGII
1294 391 1355 424 or
1390 389 1739 423 ΝΟΤΤΙΝΟΗΑΜ.
1878 381 2008 434 [1692

289 509 443 550 melius
476 510 688 563 expedire
719 510 950 561 videbitur,
978 512 1032 552 ad
1066 511 1381 565 complendum
1414 524 1644 551 numerum
1677 509 1924 550 octodecim
1958 509 2013 550 de

289 583 526 624 Communi
551 584 751 625 Concilio
774 584 902 624 villae
925 585 1187 638 praedictae,
1210 585 1340 625 toties
1358 584 1530 637 quoties
1553 597 1730 624 necesse
1752 582 1881 624 fuerit
1903 582 2014 623 infra

287 654 455 695 dictum
488 656 682 709 spatium
706 657 894 697 duorum
923 658 1140 698 mensium
1164 658 1370 711 proximo
1400 664 1500 711 post
1522 658 1674 698 datam
1704 657 2013 710 praesentium.

290 728 349 769 Et
383 728 563 769 ulterius
591 729 805 779 volumus,
828 744 877 770 ac
910 744 987 783 per
1020 737 1273 783 praesentes
1308 744 1386 783 pro
1418 730 1556 779 nobis,
1579 730 1823 779 heredibus,
1846 736 1889 770 et
1920 742 2015 770 suc-

288 802 535 843 cessoribus
558 803 730 853 nostris,
754 804 1037 844 concedimus
1060 811 1103 845 et
1126 803 1438 844 confirmamus
1468 803 1628 856 Majori
1652 810 1695 844 et
1718 802 2016 855 Burgensibus
2059 817 2076 852 5

288 875 418 916 villae
450 877 714 929 praedictae,
737 884 781 918 et
812 878 1136 918 successoribus
1168 878 1267 927 suis,
1290 878 1421 931 quod,
1451 883 1552 930 post
1584 876 1838 929 hujusmodi
1871 876 2016 917 electi·

288 961 420 989 onem
451 955 494 990 et
519 949 844 1002 expirationem
868 952 1055 992 duorum
1087 951 1303 991 mensium
1334 950 1657 1003 praedictorum
1689 949 1895 1002 proximo
1917 955 2018 1002 post

288 1022 440 1062 datam
478 1023 789 1075 praesentium,
813 1030 861 1064 ut
898 1024 1150 1077 praefertur,
1174 1024 1303 1064 liceat
1340 1030 1383 1064 et
1420 1023 1568 1064 licebit
1605 1022 1764 1076 Majori
1802 1029 1846 1063 et
1881 1023 2017 1075 Burg-

289 1095 467 1136 ensibus
490 1096 618 1137 villae
641 1097 904 1150 praedictae,
927 1105 971 1139 et
993 1098 1318 1138 successoribus
1341 1097 1441 1146 suis,
1465 1098 1519 1137 de
1549 1104 1749 1150 tempore
1778 1097 1820 1137 in
1843 1103 2019 1150 tempus

290 1169 345 1209 ad
383 1169 534 1210 omnia
575 1176 776 1224 tempora
818 1171 1144 1224 imperpetuum
1183 1171 1354 1224 eligere,
1393 1171 1633 1219 nominare,
1672 1177 1715 1211 et
1752 1170 2019 1211 constituere
2043 1189 2082 1212 10

290 1241 471 1283 idoneas
500 1256 711 1296 personas
741 1244 797 1285 ad
820 1243 1013 1285 officium
1036 1245 1092 1285 de
1122 1245 1359 1286 Communi
1385 1244 1585 1286 Concilio
1607 1243 1735 1284 villae
1758 1243 2020 1296 praedictae,

289 1321 332 1356 et
355 1315 446 1356 fore
475 1322 519 1357 et
548 1330 643 1357 esse
664 1317 720 1358 de
750 1317 987 1360 Communi
1014 1317 1214 1359 Concilio
1237 1317 1435 1370 ejusdem
1459 1316 1599 1365 villae,
1623 1316 1664 1356 in
1699 1316 1775 1357 tali
1810 1316 1944 1356 modo
1976 1322 2021 1357 et

290 1388 432 1430 forma
464 1396 594 1443 prout
627 1391 668 1430 in
703 1391 859 1431 eadem
893 1391 996 1431 villa
1028 1398 1252 1432 assuetum
1287 1398 1329 1432 et
1361 1397 1621 1431 consuetum
1652 1389 1733 1430 suit
1767 1396 1870 1431 ante
1903 1390 2020 1430 diem

289 1462 420 1503 datus
443 1463 696 1515 praedictae
726 1471 986 1516 praetensae
1012 1478 1182 1504 sursum
1215 1464 1486 1513 redditionis,
1509 1463 1724 1513 videlicet,
1747 1463 2020 1516 praedictum

290 1535 514 1576 decimum
547 1542 752 1577 octavum
786 1538 903 1578 diem
943 1538 1230 1590 Septembris,
1263 1551 1380 1578 anno
1413 1537 1535 1590 regni
1567 1536 1672 1577 dicti
1710 1550 1849 1590 nuper
1887 1537 2082 1591 Regis15

293 1609 439 1651 Caroli
474 1610 668 1651 Secundi
702 1611 924 1651 tricesimo
956 1617 1125 1663 quarto,
1149 1611 1215 1651 vel
1249 1611 1304 1651 ad
1338 1610 1516 1663 aliquod
1550 1616 1725 1662 tempus
1758 1616 2023 1663 praeantea:

292 1682 469 1735 proviso
501 1696 684 1736 semper,
719 1689 762 1724 et
799 1684 1014 1732 volumus,
1045 1684 1163 1737 quod
1196 1684 1340 1725 dictus
1374 1683 1624 1724 WVillelmus
1662 1682 1866 1731 Greaves,
1900 1689 2022 1724 ante-

291 1769 426 1808 quam
464 1756 519 1796 ad
557 1755 865 1796 executionem
904 1755 1036 1796 officii
1075 1756 1258 1810 Majoris
1295 1757 1423 1797 villae
1460 1756 1713 1809 praedictae
1750 1756 2022 1806 admittatur,

291 1829 538 1882 praestabit
561 1837 887 1871 sacramentum
917 1844 1044 1871 suurn
1068 1831 1295 1884 corporale
1318 1844 1397 1884 pro
1419 1830 1570 1871 debita
1598 1829 1863 1870 executione
1892 1829 2022 1871 officii

296 1902 481 1955 Majoris
513 1903 642 1944 villae
673 1904 926 1957 praedictae
959 1918 1008 1944 ac
1040 1903 1174 1944 etiam
1207 1910 1485 1944 sacramenta
1510 1917 1587 1957 per
1608 1903 1830 1957 quendam
1855 1902 2021 1944 Actum
2044 1926 2086 1950 20

292 1976 334 2016 in
380 1977 679 2018 Parliamento
721 1984 872 2018 nostro
914 1978 1032 2030 apud
1070 1977 1518 2018 Westmonasterium
1562 1989 1679 2017 anno
1720 1976 1842 2029 regni
1886 1976 2023 2018 nostri

292 2049 437 2102 primo
460 2056 584 2091 tento
607 2050 775 2092 editum
806 2057 849 2091 et
872 2050 1095 2103 provisum
1125 2055 1429 2103 appunctuata
1452 2049 1544 2090 fore
1573 2055 1704 2102 capta
1733 2056 1775 2090 et
1802 2049 2024 2102 praestita,

291 2135 440 2163 coram
479 2123 656 2163 Thoma
692 2123 857 2176 Trigge
893 2129 936 2164 et
981 2123 1220 2176 Radulpho
1258 2123 1461 2171 Bennett,
1499 2122 1735 2175 generosis,
1774 2129 1849 2164 aut
1886 2122 2025 2164 altero

295 2208 476 2245 eorum3
528 2196 686 2248 quibus
729 2196 930 2236 Thomae
972 2196 1137 2249 Trigge
1178 2202 1221 2237 et
1264 2195 1504 2249 Radulpho
1547 2196 1749 2245 Bennett,
1791 2196 1857 2237 vel
1901 2196 2024 2237 alteri

293 2281 455 2317 eorum,
479 2268 597 2309 dicta
619 2268 857 2321 separalia1
881 2274 1157 2309 sacramenta
1181 2268 1519 2309 administrandi
1550 2269 1726 2322 plenam
1754 2275 2023 2322 potestatem
2045 2290 2084 2326 25

293 2347 337 2382 et
360 2341 676 2383 authoritatem
700 2343 858 2383 damus
884 2349 928 2383 et
949 2342 1233 2383 concedimus
1256 2356 1333 2396 per
1354 2349 1621 2396 praesentes.

384 2415 441 2456 Et
463 2415 519 2456 de
550 2415 739 2456 uberiori
771 2415 914 2468 gratia
943 2422 1094 2456 nostra
1122 2416 1313 2468 speciali,
1336 2422 1379 2456 et
1401 2429 1458 2456 ex
1481 2422 1601 2456 certa
1628 2416 1813 2457 scientia
1835 2422 1878 2457 et
1906 2429 2026 2457 mero

296 2494 419 2529 motu
452 2488 624 2538 nostris,
647 2489 1004 2541 pardonavimusss
1028 2489 1287 2538 remisimus,
1310 2495 1353 2530 et
1386 2488 1694 2538 relaxavimus,
1718 2503 1767 2530 ac
1796 2503 1873 2542 per
1901 2503 2024 2543 prae-

295 2567 442 2601 sentes
484 2574 563 2614 pro
600 2561 738 2610 nobis,
776 2561 1011 2602 heredibus
1053 2568 1098 2602 et
1139 2562 1464 2602 successoribus
1507 2562 1678 2611 nostris,
1713 2563 2025 2615 pardonamu5‚

296 2634 571 2682 remittimus,
608 2641 652 2675 et
689 2635 941 2675 relaxamus
978 2635 1138 2688 Majori
1181 2642 1223 2676 et
1266 2636 1564 2688 Burgensibus
1605 2636 1734 2676 villae
1774 2636 2026 2689 praedictae
2045 2657 2087 2690 30

296 2707 448 2747 omnia
469 2713 512 2747 et
535 2707 707 2760 singula
730 2721 807 2756 res,
832 2707 1048 2757 materias,
1072 2714 1366 2761 contemptus,
1388 2708 1581 2757 crimina,
1604 2707 1795 2749 offensas
1818 2715 1861 2750 et
1887 2715 2025 2750 trans-

296 2781 544 2834 gressiones
565 2794 854 2834 quaecunque
886 2795 964 2834 per
994 2795 1041 2822 se
1072 2782 1191 2835 ipsos
1224 2781 1351 2832 facta,
1373 2783 1621 2832 commissa,
1649 2782 1740 2823 sive
1772 2788 2026 2836 perpetrata

295 2855 361 2903 de,
384 2868 473 2908 pro,
503 2854 558 2904 in,
580 2854 648 2895 vel
671 2855 992 2903 concernentia,
1015 2855 1278 2896 executione
1300 2856 1368 2896 vel
1398 2856 1775 2896 non-executione
1803 2862 1879 2897 aut
1909 2854 2027 2896 mala

296 2928 562 2969 executione
590 2927 838 2981 aliquorum
868 2926 1112 2968 officiorum
1142 2928 1254 2968 infra
1275 2928 1424 2968 villam
1454 2928 1739 2981 praedictam,
1763 2927 1935 2977 limites,
1958 2927 2026 2968 vel

297 3001 574 3054 praecinctus
611 3001 822 3054 ejusdem,
859 3001 914 3042 ad
953 3001 1133 3054 aliquod
1176 3007 1353 3054 tempus
1394 3001 1485 3042 sive
1526 3008 1729 3055 tempora
1764 3007 1866 3054 post
1902 3015 2025 3054 prae·
2045 3021 2085 3056 35

297 3075 465 3116 dictum
489 3075 711 3116 decimum
740 3080 946 3115 octavum
976 3074 1093 3115 diem
1125 3074 1414 3128 SeptembriS,
1438 3088 1556 3116 anno
1585 3075 1692 3116 dicti
1722 3088 1861 3128 nuper
1891 3075 2027 3128 Regis

298 3148 444 3191 Caroli
469 3147 661 3190 Secundi
684 3146 906 3188 tricesimo
928 3153 1086 3200 quarto
1107 3147 1382 3200 supra-dicto
1399 3161 1408 3198 3
1441 3160 1490 3187 ac
1513 3146 1647 3188 etiam
1670 3147 2025 3200 pardonavimus,

827 3309 836 3323 ¹
860 3306 1054 3346 separalla‚]
1075 3305 1272 3349 ‘seperalia‚’
1292 3306 1365 3339 MS.
