2164 3804
269 383 325 422 66
526 392 748 425 RECORDS
779 391 841 425 OF
873 391 974 423 THE
1006 389 1243 423 BOROUGH
1276 388 1337 421 OF
1371 387 1720 420 NOTTINGHAM.
1860 378 1990 432 [1682

268 515 387 564 itum,
410 515 452 555 in
476 514 617 556 forma
644 514 822 555 inferius
852 515 894 554 in
923 514 990 554 his
1016 511 1317 566 praesentibus
1341 508 1588 564 [expressa]
1611 508 1926 550 nominandum
1949 515 1993 550 et

268 588 531 641 eligendum,
564 589 638 641 qui
674 589 754 629 erit
791 594 834 629 et
870 587 1099 629 vocabitur
1135 584 1417 628 ‘Communis
1450 582 1670 625 Clericus’
1707 582 1837 623 villae
1873 596 1992 636 prae-

267 662 422 710 dictae,
459 663 515 703 ad
557 661 759 702 facienda
800 668 843 703 et
883 660 1148 714 exequenda
1184 658 1334 699 omnia
1376 663 1419 697 et
1457 655 1631 708 singula
1667 655 1992 709 recognitiones

267 742 430 788 captas,
463 736 722 788 recognitas,
755 742 798 776 et
829 733 1209 787 recognoscendas
1236 743 1382 772 coram
1416 730 1463 770 M
1470 729 1584 783 ajore
1615 735 1659 770 et
1687 729 1788 770 aliis
1818 729 1992 782 Justiti-

265 809 377 849 ariis
414 809 537 849 Pacis
569 809 699 849 villae
734 808 990 862 praedictae,
1013 808 1055 847 in
1093 806 1338 860 praesentia
1373 803 1690 857 praedictorum
1728 803 1915 857 Majoris
1949 810 1994 845 et
2034 804 2052 839 5

265 882 626 935 Justitiariorum,
649 889 692 923 et
724 882 902 923 easdem
935 882 995 921 sic
1027 886 1181 933 captas
1211 885 1254 920 et
1283 877 1534 931 recognitas
1561 877 1848 918 transcribere
1876 883 1921 918 et
1949 877 1991 917 in

266 969 579 1009 pergamenam
602 956 809 1009 redigere,
827 962 870 996 et
893 955 947 996 ad
970 954 1226 994 scribendas
1242 958 1285 994 et
1307 951 1536 992 intrandas
1557 963 1710 991 omnes
1733 950 1994 992 indenturas

267 1031 572 1084 apprenticiae,
595 1038 637 1072 et
660 1032 869 1084 querelas,
892 1031 1065 1084 placita,
1089 1030 1296 1078 actiones,
1319 1042 1369 1070 ac
1399 1028 1486 1069 alia
1515 1027 1749 1081 originalia
1770 1034 1814 1069 et
1835 1028 1992 1082 judici·

267 1104 355 1144 alia
395 1104 539 1145 brevia
575 1111 618 1146 et
655 1119 883 1158 processus
918 1117 1214 1158 quaecunque,
1252 1109 1296 1144 et
1333 1102 1500 1156 judicia
1536 1108 1579 1143 et
1619 1102 1992 1143 considerationes

266 1178 514 1231 superinde,
537 1179 580 1219 in
619 1179 754 1221 Curia
784 1179 839 1219 de
878 1179 1082 1219 Recordo
1116 1177 1227 1218 infra
1260 1177 1410 1217 villam
1448 1176 1727 1229 praedictam,
1750 1175 1990 1225 libertates,
2014 1178 2054 1201 ¹0

266 1251 450 1301 bundas,
474 1259 516 1293 et
534 1253 807 1306 praecinctus
828 1252 1038 1306 ejusdem,
1061 1258 1105 1292 et
1128 1252 1182 1292 ad
1206 1265 1258 1291 ea
1279 1251 1428 1291 omnia
1451 1250 1715 1303 exequenda
1737 1250 1792 1290 ad
1815 1262 1926 1290 onus
1948 1256 1992 1291 et

265 1324 457 1365 officium
490 1339 614 1366 suum
647 1326 933 1379 designanda,
957 1331 1000 1365 et
1026 1338 1140 1378 quae
1172 1324 1328 1377 aliquis
1362 1324 1617 1366 Communis
1651 1323 1848 1365 Clericus
1880 1322 1992 1364 infra

265 1399 451 1438 eandem
484 1399 644 1448 villam,
667 1413 742 1439 seu
775 1400 966 1452 aliquam
1002 1399 1133 1439 aliam
1166 1399 1314 1439 villam
1346 1397 1414 1438 vel
1446 1398 1632 1452 burgum
1664 1397 1999 1450 incorporatum,

264 1471 375 1512 infra
406 1486 588 1525 regnum
621 1479 811 1513 nostrum
845 1473 1047 1526 Angliae,
1070 1472 1232 1513 virtute
1263 1471 1403 1512 officii
1431 1471 1557 1520 illius,
1584 1471 1744 1524 exequi
1777 1470 1917 1524 possit
1948 1477 1992 1512 et

264 1545 434 1596 valeat;
467 1548 664 1600 quodque
695 1547 839 1587 dictus
872 1546 1129 1588 Communis
1164 1546 1361 1588 Clericus
1394 1545 1544 1586 omnia
1575 1551 1619 1586 et
1650 1544 1824 1597 singula
1849 1543 1990 1594 feoda,
2014 1549 2050 1584 15

263 1621 459 1672 regarda,
483 1627 525 1661 et
552 1619 745 1674 proficua
777 1634 854 1674 pro
885 1620 1122 1673 scriptione
1153 1626 1196 1661 et
1228 1619 1463 1660 intratione
1494 1618 1739 1672 praedictis,
1763 1631 1813 1659 ac
1842 1619 1991 1659 omnia

264 1693 351 1733 alia
370 1693 500 1735 feoda
522 1701 565 1735 et
588 1693 781 1747 proficua
803 1708 916 1747 quae
939 1694 993 1734 ad
1017 1694 1159 1734 locum
1180 1693 1435 1735 Communis
1459 1692 1618 1735 Clerici
1642 1692 1857 1746 praedicti
1876 1691 1990 1745 [per-

264 1766 425 1820 tinent]
448 1767 606 1808 habeat
628 1774 671 1808 et
694 1767 931 1820 percipiat.1

349 1840 690 1893 Assignavimus
725 1841 872 1890 etiam,
907 1841 1244 1890 nominavimus,
1279 1840 1601 1890 constituimus,
1635 1846 1678 1881 et
1711 1840 1904 1890 fecimus,
1939 1854 1988 1881 ac

262 1927 340 1966 per
369 1921 628 1967 praesenteS‚
652 1929 729 1967 pro
761 1915 900 1965 nobis,
923 1915 1157 1955 heredibus
1194 1921 1238 1956 et
1274 1914 1597 1955 successoribus
1629 1915 1798 1964 nostris,
1821 1914 1987 1968 assign-
2007 1924 2049 1947 20

262 2002 398 2038 amus,
426 1990 716 2039 nominamus,
739 1989 1048 2030 constituimus
1081 1995 1124 2030 et
1156 1988 1340 2029 facimus
1372 2002 1584 2042 perquam
1618 1988 1786 2029 fidelem
1819 1995 1862 2030 et
1893 2003 1988 2042 per-

263 2075 395 2114 quam
447 2063 615 2103 sincere
665 2064 869 2104 dilectum
922 2063 1293 2116 consanguineum
1346 2069 1389 2103 et
1432 2063 1743 2105 Consiliarium
1790 2070 1986 2104 nostrum

265 2136 518 2186 Henricum,
553 2138 717 2178 Ducem
755 2138 809 2178 de
847 2138 978 2179 Novo
1016 2138 1183 2187 Castro,
1219 2137 1261 2177 in
1300 2136 1470 2190 legibus
1506 2137 1635 2191 hujus
1674 2137 1818 2191 Regni
1855 2138 1988 2178 nostri

261 2209 453 2262 Angliae
481 2211 683 2264 peritum,
707 2210 798 2251 fore
829 2218 873 2252 et
905 2224 1000 2252 esse
1033 2211 1293 2251 modernum
1330 2211 1671 2252 Recordatorem
1703 2211 1833 2252 villae
1865 2225 1988 2265 prae-

261 2283 412 2333 dictae,
435 2284 490 2324 ad
520 2284 673 2324 omnia
701 2291 744 2325 et
772 2285 946 2337 singula
978 2285 1152 2338 agenda
1185 2291 1227 2326 et
1260 2285 1536 2338 exequenda,
1559 2298 1673 2338 quae
1705 2285 1760 2326 ad
1793 2285 1988 2326 officium
2008 2295 2048 2331 25

265 2356 580 2398 Recordatoris
610 2358 652 2398 in
686 2358 841 2398 eadem
863 2358 977 2408 villa,
1000 2358 1068 2399 vel
1098 2358 1139 2398 in
1168 2358 1314 2411 aliqua
1340 2358 1428 2399 alia
1449 2359 1552 2399 villa
1580 2359 1671 2400 sive
1699 2359 1796 2400 loco
1818 2360 1989 2414 incorp-

262 2436 382 2471 orato
422 2430 535 2471 infra
575 2445 757 2484 regnum
799 2438 993 2473 nostrum
1035 2432 1230 2485 Angliae
1270 2433 1506 2485 pertinent,
1548 2434 1898 2475 continuandum
1945 2435 1987 2475 in

263 2504 418 2544 eodem
456 2503 599 2544 officio
630 2505 813 2546 durante
843 2506 956 2546 bene
987 2506 1147 2559 placito
1180 2506 1329 2555 nostri,
1361 2506 1571 2547 heredum
1609 2514 1652 2548 et
1688 2521 1987 2549 successorum

263 2583 507 2618 nostrorum
526 2592 534 2628 ;
561 2579 758 2632 quodque
780 2580 834 2620 de
856 2586 1056 2633 tempore
1078 2580 1119 2620 in
1144 2586 1319 2633 tempus
1343 2586 1386 2622 et
1408 2581 1463 2620 ad
1486 2581 1635 2621 omnia
1657 2587 1869 2634 tempora,
1887 2589 1988 2635 post

265 2657 459 2700 mortem,
482 2652 749 2692 amotionem
772 2652 839 2693 vel
869 2666 1040 2693 sursum
1071 2654 1366 2695 redditionem
1390 2654 1606 2707 praedicti
1634 2655 1827 2705 Henrici,
1852 2655 1988 2696 Ducis
2008 2666 2050 2699 30

263 2724 319 2763 de
352 2724 481 2764 Novo
515 2725 681 2774 Castro,
704 2726 817 2766 bene
848 2727 976 2767 liceat
1008 2733 1050 2767 et
1083 2727 1229 2768 licebit
1262 2727 1436 2780 Majori,
1458 2727 1770 2769 Aldermannis
1792 2735 1835 2770 et
1858 2729 1988 2771 Com-

263 2798 382 2838 muni
410 2799 602 2840 Consilio
633 2800 762 2841 villae
793 2801 1037 2853 praedictae
1067 2815 1145 2854 pro
1176 2808 1375 2854 tempore
1407 2801 1707 2852 existentibus,
1729 2802 1796 2843 vel
1830 2803 1992 2856 maj0ri

264 2871 384 2924 parti
403 2873 641 2913 eorundem
665 2874 869 2926 (quorum
893 2874 1105 2928 Majorem
1135 2888 1214 2928 pro
1234 2881 1434 2927 tempore
1456 2875 1714 2916 existentem
1738 2889 1871 2916 unum
1893 2889 1989 2917 esse

264 2944 496 2998 volumus),
520 2959 653 2987 unum
678 2947 811 2988 alium
834 2948 972 2988 virum
995 2948 1231 2989 discretum
1254 2954 1297 2989 et
1320 2948 1362 2987 in
1390 2948 1559 3001 legibus
1581 2948 1775 3002 Angliae
1796 2949 1986 3003 peritum

266 3017 425 3070 eligere
447 3025 490 3060 et
511 3019 743 3072 praeficere
766 3021 1106 3062 Recordatorem
1129 3021 1259 3062 villae
1287 3022 1541 3074 praedictae,
1565 3023 1913 3064 continuandum
1945 3024 1986 3064 in
2008 3036 2047 3071 35

265 3092 421 3132 eodem
454 3092 597 3133 officio
633 3094 814 3134 durante
849 3095 961 3135 bene
997 3095 1161 3148 placito
1197 3095 1341 3144 nostri,
1364 3095 1573 3136 heredum
1610 3102 1653 3137 et
1689 3109 1986 3138 successorvm

266 3171 537 3216 nostrorum;
585 3173 627 3207 et
669 3167 729 3207 sic
771 3168 903 3209 toties
944 3168 1116 3221 quoties
1158 3182 1284 3208 casus
1325 3168 1385 3208 sic
1426 3169 1643 3210 acciderit.
1712 3170 1771 3210 Et
1812 3169 1988 3211 ulterius

264 3238 479 3289 volumus,
502 3253 550 3280 ac
588 3254 664 3293 per
700 3247 950 3293 praesentes
987 3241 1261 3282 declaramus
1298 3242 1410 3294 quod
1447 3242 1559 3282 bene
1595 3242 1724 3283 liceat
1760 3249 1804 3284 et
1840 3242 1987 3284 licebit

265 3312 482 3367 praedicto
536 3313 736 3363 Henrico,
780 3314 901 3354 Duci
938 3315 994 3357 de
1046 3315 1176 3356 Novo
1228 3315 1395 3365 Castro,
1437 3322 1480 3356 et
1528 3316 1823 3358 Recordatori
1859 3316 1987 3357 villae
