2164 3804
279 383 333 412 20
537 379 757 412 RECORDs
786 379 847 411 OF
879 379 981 411 THE
1012 377 1250 410 BOROUGH
1283 377 1345 410 OF
1379 376 1729 410 NOTTINGHAM.
1869 366 2001 420 [1636

364 503 498 543 Teste
549 501 817 555 praedilecto
859 508 902 542 et
945 500 1060 541 fideli
1103 500 1364 542 Consiliario
1415 504 1566 540 nostro
1611 498 1782 538 Franco
1823 496 2005 537 domino

279 577 554 630 Cottington,
579 576 852 618 Cancellario
875 582 917 616 et
942 574 1351 617 Sub-Thesaurario
1375 572 1591 616 Scaccarii
1614 572 1760 612 nostri.

366 653 533 692 Datum
570 651 686 704 apud
721 648 1167 691 westmonasterium
1203 656 1284 688 xv0
1310 648 1380 688 die
1411 646 1541 700 Junii,
1565 658 1682 686 anno
1713 644 1835 697 regni
1868 643 2005 684 nostri

277 725 521 765 undecimo.

365 797 757 852 Exemplificatum
782 811 858 851 per
882 796 1135 850 Scipionem
1163 796 1202 836 le
1227 796 1399 849 Squyre
1422 809 1501 848 pro
1523 794 1775 834 camerario.
2049 797 2067 832 5

366 874 415 913 In
439 873 640 914 custodia
665 871 923 925 Receptoris
948 871 1164 913 Scaccarii
1190 879 1271 911 xv0
1292 870 1423 923 Junii,
1453 871 1569 920 1635.
1881 868 2006 919 4665.

493 1096 624 1136 VI.—-
634 1094 838 1135 Exlracts
848 1095 974 1146 from
998 1093 1065 1134 the
1086 1093 1408 1134 Presentments
1428 1098 1476 1133 at
1496 1092 1562 1133 the
1587 1091 1791 1133 Sessions.

775 1185 892 1235 1636,
917 1184 1123 1225 October.
1188 1183 1269 1223 Per
1291 1183 1517 1224 orientem.

366 1276 484 1318 Villa
507 1274 885 1327 Nottinghamiae,
909 1274 1073 1315 scilicet
1092 1274 1384 1327 2—Juratores
1408 1287 1487 1327 pro
1516 1273 1712 1313 Domino
1737 1273 1860 1326 Rege
1883 1286 2013 1326 super

279 1356 604 1392 sacramentum
629 1362 755 1389 suum
779 1354 1075 1402 praesentant,
1098 1349 1216 1401 quod
1247 1362 1347 1388 cum
1371 1348 1412 1387 in
1440 1348 1620 1389 Statuto
1644 1348 1685 1387 in
1716 1346 2013 1387 Parliamento

280 1439 418 1479 nuper
462 1424 682 1465 Dominae
719 1429 894 1463 nostrae
939 1423 1225 1463 Elizabethae
1261 1436 1400 1475 nuper
1440 1422 1639 1474 Reginae
1676 1421 1881 1474 Angliae,
1920 1427 2012 1471 ete.‚

278 1506 450 1540 tentato
473 1499 589 1551 apud
614 1497 1059 1538 westmonasterium
1084 1497 1126 1536 in
1153 1497 1378 1538 Comitatu
1404 1496 1730 1537 Middlesexiae
1748 1495 2013 1536 duodecimo
2036 1504 2076 1529 10

278 1575 349 1614 die
376 1572 583 1626 Januarii,
608 1585 724 1612 anno
757 1571 878 1624 regni
912 1571 976 1611 sui
1007 1571 1174 1624 quinto,
1198 1571 1329 1620 edito,
1354 1570 1466 1610 inter
1495 1570 1590 1619 alia,
1616 1570 1896 1610 inactitatum
1922 1569 2013 1619 suit,

279 1648 548 1689 authoritate
599 1646 797 1700 ejusdem
852 1645 1147 1695 Parliamenti,
1189 1645 1307 1698 quod
1356 1650 1457 1697 post
1500 1644 1689 1697 primum
1734 1644 1851 1684 diem
1905 1644 2012 1684 Maii

279 1730 444 1764 extunc
482 1721 688 1775 proximo
725 1726 996 1773 sequentem,
1030 1733 1116 1759 non
1152 1719 1279 1760 fuerit
1316 1719 1483 1759 licitum
1523 1718 1651 1759 alicui
1689 1731 1914 1772 personae,
1938 1731 2013 1758 seu

279 1797 497 1851 aliquibus
521 1795 729 1849 personis,
753 1794 847 1834 aliis
870 1807 1003 1847 quam
1035 1794 1196 1834 talibus
1227 1800 1427 1847 tempore
1456 1793 1662 1834 editionis
1694 1792 1860 1835 Statuti
1891 1805 2013 1845 prae-

278 1872 395 1921 dicti,
418 1870 633 1919 videlicet,
657 1869 883 1922 praedicto
910 1869 1175 1909 duodecimo
1198 1869 1268 1909 die
1300 1868 1510 1922 Januarii,
1533 1881 1651 1908 anno
1674 1867 1830 1920 quinto
1863 1880 2013 1920 supra·
2037 1877 2074 1914 15

279 1947 410 1995 dicto,
433 1945 653 1998 legitime1
678 1944 904 1984 utentibus
928 1957 1003 1984 seu
1027 1943 1337 1984 exercentibus
1361 1943 1555 1996 aliquam
1581 1949 1731 1992 artem,
1756 1942 2015 1991 misteram,2

278 2021 369 2060 sive
411 2018 661 2059 manualem
705 2018 1056 2070 occupationem,
1095 2018 1271 2071 erigere,
1309 2032 1536 2071 occupare,
1579 2018 1653 2067 uti,
1691 2024 1767 2058 aut
1809 2030 2015 2057 exercere

280 2094 471 2147 aliquam
497 2098 647 2141 artem,
672 2092 895 2132 misteram
920 2105 995 2132 seu
1019 2092 1354 2145 occupationem
1379 2092 1600 2146 (Anglice,
1624 2092 1791 2144 ‘crafle,
1816 2091 2012 2141 mz‘sterie,

279 2183 329 2209 ον
347 2167 583 2220 occupation
599 2166 636 2219 '),
661 2172 765 2206 tunc
788 2165 997 2206 usitatam
1022 2172 1065 2207 et
1088 2174 1351 2220 occupatam
1380 2165 1492 2206 infra
1515 2180 1699 2219 regnum
1722 2165 1917 2219 Angliae
1939 2171 2014 2206 aut

280 2242 479 2290 XValliae,
515 2241 640 2281 sinon
678 2240 796 2293 quod
836 2240 906 2279 ille
944 2241 1157 2281 educatus
1192 2241 1344 2282 fuisset
1382 2247 1596 2294 tanquam
1634 2241 1932 2294 apprenticius
1970 2241 2011 2281 in
2032 2255 2076 2280 20

281 2318 436 2358 eadem
461 2322 553 2357 arte
581 2322 656 2355 aut
679 2314 971 2367 occupatione
1000 2328 1076 2368 per
1105 2315 1298 2368 spatium
1329 2322 1498 2369 septem
1530 2329 1746 2356 annorum
1771 2316 1825 2356 ad
1857 2315 2013 2365 minus,

282 2391 415 2432 modo
448 2397 491 2431 et
514 2389 655 2429 forma
687 2389 729 2428 in
763 2388 920 2428 eodem
955 2388 1136 2430 Statuto
1165 2390 1397 2440 contentis,
1420 2390 1501 2430 sub
1534 2403 1677 2443 poena
1700 2389 2013 2439 forisfacturae,

281 2478 360 2518 pro
392 2463 590 2517 quolibet
624 2476 774 2502 mense
807 2461 920 2515 quo—⁷³
954 2463 1177 2515 quaelibet
1209 2478 1398 2517 persona
1429 2464 1675 2506 voluntarie
1707 2464 1938 2506 offendens
1970 2471 2013 2506 et

281 2539 444 2579 faciens
489 2538 531 2577 in
574 2536 853 2585 contrarium,
896 2537 1123 2577 summae*
1164 2539 1460 2592 quadraginta
1501 2539 1756 2589 solidorum,
1798 2545 1928 2593 prout
1969 2539 2011 2579 in

280 2613 436 2653 eodem
469 2612 649 2653 Statuto
678 2610 954 2651 continetur:
986 2611 1166 2664 quidam
1201 2618 1350 2652 tamen
1385 2613 1583 2653 Thomas
1615 2613 1832 2667 WVoolley,
1856 2613 2012 2662 senior,
2032 2628 2073 2664 25

280 2688 334 2727 de
356 2686 458 2727 villa
481 2685 861 2737 Nottinghamiae,
886 2685 927 2724 in
953 2686 1180 2727 Comitatu
1204 2686 1332 2727 villae
1356 2687 1735 2740 Nottinghamiae,
1759 2686 2012 2741 ropemaker,

280 2761 507 2802 Statutum
551 2759 826 2812 praedictum
870 2759 1051 2800 minime
1102 2761 1364 2813 ponderans,
1407 2774 1486 2801 nec
1533 2775 1724 2815 poenam
1768 2762 1810 2802 in
1853 2762 2010 2802 eodem

281 2836 462 2878 Statuto
499 2847 663 2882 verens,
698 2839 898 2886 tempore
935 2834 1140 2874 editionis
1179 2834 1345 2876 statuti
1383 2835 1606 2888 praedicti,
1640 2835 1855 2884 videlicet,
1887 2848 2010 2888 prae-

278 2910 398 2950 dicto
419 2907 685 2949 duodecimo
714 2907 785 2947 die
816 2907 1025 2959 Januarfi,
1049 2921 1166 2948 anno
1188 2909 1344 2961 quinto
1376 2909 1642 2962 supradicto,
1666 2909 1887 2962 legitimeI
1920 2922 2008 2949 non

279 2990 406 3024 utens
443 2996 518 3022 seu
561 2994 771 3021 exercens
815 2987 953 3022 artem
996 2982 1086 3022 sive
1128 2983 1352 3023 misteram
1389 2983 1581 3023 salinarii
1619 2983 1839 3037 (Anglice,
1878 2984 1955 3035 ‘of
1983 2997 2073 3035 (²30

277 3056 476 3109 sallter'),
500 3069 580 3095 nec
603 3068 798 3107 unquam
822 3055 1019 3096 existens
1042 3056 1254 3097 educatus
1284 3063 1496 3110 tanquam
1525 3057 1822 3110 apprenticius
1852 3057 1893 3096 in
1918 3062 2010 3097 arte

279 3131 370 3172 sive
402 3130 580 3170 mistera
612 3128 852 3182 [salinarii],
876 3128 1096 3182 (Anglice,
1121 3131 1197 3182 ‘of
1216 3144 1243 3171 a
1273 3130 1474 3184 sallter’),
1501 3144 1578 3184 per
1609 3131 1802 3184 spatium
1836 3136 2007 3184 septem

345 3281 353 3294 ¹
378 3275 548 3317 legz'lz'me,]
568 3275 576 3291 ‘
589 3272 772 3315 legittime,’
791 3274 865 3306 MS.
1279 3280 1290 3299 3
1312 3277 1401 3320 quo,]
1422 3276 1525 3319 ‘que,'
1545 3277 1618 3310 MS.

344 3336 356 3349 ²
380 3331 510 3362 mistera
527 3341 563 3361 or
580 3329 1032 3362 misterium:ministerium-
