2164 3804
280 390 337 441 64
542 398 763 432 RECORDS
791 398 853 431 OF
885 398 986 430 THE
1018 398 1256 431 BOROUGH
1288 397 1350 430 OF
1384 397 1735 430 NOTTINGHAM.
1875 388 2006 442 [1682

280 520 599 561 continuandos
629 520 672 561 in
705 519 865 561 officiis
895 521 1109 561 dictorum
1144 521 1463 562 Coronatorum
1496 518 1753 559 durantibus
1787 518 1887 559 vitis
1919 518 2008 559 suis

281 593 560 643 naturalibus,
584 593 666 633 nisi
696 607 772 647 pro
800 607 846 634 se
876 594 991 634 male
1020 594 1210 646 gerendo
1239 593 1281 633 in
1308 592 1469 633 officiis
1494 592 1580 632 illis
1605 592 1749 633 amoti
1768 591 1938 642 fuerint,
1961 598 2009 633 ut

279 667 549 720 praedictum
572 674 664 717 est;
696 674 739 709 et
761 667 822 708 sic
844 668 974 708 toties
997 667 1170 720 quoties
1194 680 1319 707 casus
1342 667 1402 706 sic
1425 666 1642 707 acciderit.

369 742 428 782 Et
463 741 497 781 si
535 742 691 794 aliquis
727 742 1010 795 imposterum
1049 741 1109 781 sic
1147 741 1312 781 electus
1348 741 1389 780 in
1428 739 1622 780 officium
1660 739 1844 792 Majoris
1880 739 2010 780 villae

280 815 535 868 praedictae,
559 822 634 856 aut
663 815 706 855 in
729 814 875 855 officio
904 816 994 856 sive
1022 815 1114 855 loco
1136 814 1443 863 Aldermanui,
1467 814 1768 863 Vicecomitis,
1793 813 2012 867 Capitalis
2053 822 2070 857 5

283 889 546 938 Consiliariz,
571 889 857 943 [Consiliarii]
883 889 950 930 vel
985 889 1240 937 Camerarii,
1275 895 1350 929 aut
1383 888 1425 928 in
1459 888 1631 941 aliquod
1665 888 1782 928 aliud
1815 887 2009 928 officium

280 964 370 1004 sive
407 963 550 1004 locum
588 963 700 1003 infra
737 963 885 1004 villam
925 963 1204 1016 praedictam,
1242 962 1310 1003 cui
1348 961 1503 1002 electio
1539 961 1612 1001 illa
1653 960 1881 1002 notificata
1918 961 2010 1010 erit,

281 1038 548 1078 recusaverit
576 1038 772 1090 accipere
801 1051 932 1090 super
958 1051 1004 1077 se
1026 1036 1220 1077 officium
1251 1036 1341 1076 sive
1363 1035 1506 1076 officia
1533 1035 1766 1088 praedicta,
1790 1041 1865 1075 aut
1893 1035 2010 1088 jura-

282 1111 520 1166 [mentum]
544 1118 588 1153 et
617 1112 705 1152 alia
737 1112 946 1165 requisita
976 1112 1017 1151 in
1051 1125 1102 1151 ea
1131 1117 1265 1164 parte
1295 1116 1514 1164 praestare
1542 1116 1585 1150 et
1614 1109 1896 1163 performare‚
1918 1109 2012 1150 sine

281 1198 413 1225 causa
445 1185 713 1234 rationabili,
737 1186 849 1238 quod
883 1192 987 1226 tunc
1020 1191 1063 1225 et
1095 1185 1138 1224 in
1171 1184 1368 1238 quolibet
1403 1184 1479 1225 tali
1517 1197 1620 1224 casu
1652 1183 1765 1224 bene
1802 1183 1931 1224 liceat
1968 1189 2011 1224 et
2034 1196 2073 1220 10

280 1259 428 1300 licebit
465 1259 631 1300 eisdem
670 1259 843 1312 Majori,
867 1258 947 1312 [et]
987 1259 1223 1300 Communi
1262 1257 1456 1300 Consilio
1489 1257 1619 1298 villae
1655 1257 1910 1310 praedictae,
1942 1256 2010 1297 vel

281 1332 436 1386 majori
468 1333 581 1386 parti
614 1333 853 1373 eorundem
887 1346 964 1385 pro
1000 1339 1200 1385 tempore
1237 1331 1526 1372 existentibus
1558 1331 1763 1385 (quorum
1798 1331 2010 1384 Majorem

281 1421 358 1460 pro
387 1413 586 1460 tempore
615 1407 875 1447 existentem
903 1420 1037 1447 unum
1065 1420 1160 1446 esse
1183 1405 1416 1458 volumus),
1440 1406 1495 1446 de
1526 1412 1727 1459 ternpore
1759 1405 1801 1445 in
1835 1412 2010 1459 tempus

280 1486 436 1522 taxare
453 1487 495 1521 et
518 1481 744 1533 imponere
761 1480 868 1521 tales
889 1480 1171 1521 rationabiles
1189 1479 1292 1520 fines
1313 1493 1445 1533 super
1459 1479 1729 1532 quamlibet1
1753 1479 2009 1533 hujusmodi

282 1568 513 1607 personam
537 1555 597 1595 sic
620 1561 900 1604 recusantem,
923 1554 1072 1608 quales
1093 1554 1259 1594 eisdem
1292 1553 1459 1607 Majori
1484 1560 1528 1594 et
1551 1553 1787 1595 Communi
1815 1553 2010 1595 Consilio
2033 1568 2070 1602 15

280 1627 409 1669 villae
434 1629 689 1681 praedictae,
713 1635 788 1670 aut
822 1628 983 1682 majori
1010 1628 1131 1681 parti
1161 1628 1412 1677 eorundem,
1443 1627 1764 1668 rationabiliter
1792 1627 2011 1668 videbitur

280 1703 578 1755 expediendi;
611 1710 655 1744 et
681 1704 736 1744 ad
763 1703 1020 1756 hujusmodi
1046 1701 1150 1742 fines
1174 1708 1218 1742 et
1242 1700 1349 1741 fines
1379 1701 1440 1741 sic
1463 1701 1518 1742 de
1544 1708 1744 1754 tempore
1767 1701 1809 1741 in
1833 1707 2010 1754 tempus

278 1783 454 1818 taxatos
489 1783 532 1818 et
569 1777 795 1830 impositos
830 1790 907 1830 per
943 1776 1260 1817 districtionem
1299 1782 1341 1816 et
1378 1775 1677 1816 venditionem
1714 1775 1929 1816 bonorum
1967 1782 2010 1817 et

278 1850 535 1891 catallorum
572 1850 798 1903 cujuslibet
835 1849 1093 1903 hujusmodi
1128 1863 1341 1902 personae
1378 1855 1421 1890 et
1453 1862 1737 1902 personarum
1775 1850 1836 1890 sic
1868 1863 2010 1890 recus-

279 1924 462 1974 antium,
486 1930 561 1965 aut
593 1938 672 1977 per
700 1924 921 1965 actionem
946 1924 1096 1974 debiti,
1120 1938 1195 1965 seu
1223 1924 1308 1964 alio
1331 1924 1467 1977 legali
1490 1925 1624 1965 modo
1646 1938 1933 1978 quocumque,
1955 1925 2010 1966 de
2029 1943 2072 1967 20

277 2004 478 2051 tempore
501 1998 542 2038 in
566 2005 742 2051 tempus
765 1999 820 2038 ad
843 2005 887 2039 et
909 2012 987 2051 pro
1008 2012 1088 2039 usu
1112 2005 1154 2039 et
1184 1997 1373 2051 proficuo
1395 1998 1611 2039 dictorum
1636 1999 1832 2052 Majoris,
1855 1999 2009 2040 Alder-

279 2085 536 2112 manuorum
560 2078 603 2113 et
627 2072 919 2125 Burgensium
939 2072 1137 2126 ejusdem
1156 2072 1295 2121 villae,
1319 2072 1474 2122 levare,
1498 2073 1729 2126 percipere,
1748 2079 1791 2113 et
1813 2073 2010 2114 detinere

277 2145 453 2186 valeant
487 2152 530 2186 et
564 2146 744 2199 possint,
768 2146 861 2186 sine
896 2146 1208 2187 molestatione
1241 2147 1331 2186 sive
1365 2146 1686 2200 impedimento
1719 2147 1864 2196 nostri,
1887 2146 2009 2187 here-

277 2220 381 2260 dum
404 2219 471 2260 vel
504 2233 802 2260 successorum
833 2227 1104 2271 nostrorum3
1137 2227 1181 2261 et
1212 2220 1295 2260 hoc
1325 2220 1488 2273 absque
1517 2220 1665 2273 aliquo
1697 2226 1899 2273 compoto
1930 2233 2008 2261 seu

277 2293 365 2333 alia
394 2307 438 2334 re
463 2307 722 2347 quacunque
754 2294 891 2343 nobis,
914 2294 1148 2334 heredibus
1180 2294 1247 2334 vel
1280 2294 1604 2335 successoribus
1637 2295 1803 2344 nostris,
1827 2295 2009 2348 proinde
2029 2316 2069 2350 25

277 2367 500 2407 reddendo
522 2367 588 2407 vel
611 2367 828 2408 solvendo.

364 2442 422 2483 Et
445 2442 658 2492 volumus,
682 2456 731 2482 ac
764 2456 843 2495 per
870 2449 1121 2496 praesentes
1151 2456 1228 2495 pro
1261 2442 1400 2492 nobis,
1425 2442 1660 2483 heredibus
1683 2449 1726 2483 et
1749 2443 2008 2483 successori-

276 2515 357 2556 bus
380 2515 548 2564 nostris‚
571 2516 855 2556 concedimus
877 2515 1086 2569 praefatis
1108 2516 1283 2569 Majori,
1307 2516 1617 2557 Aldermauuis
1639 2523 1682 2557 et
1714 2517 2011 2569 Burgensibus

276 2588 402 2630 villae
430 2589 685 2642 praedictae,
709 2603 786 2642 pro
808 2596 1008 2643 tempore
1030 2590 1331 2640 existentibus,
1355 2598 1397 2632 et
1420 2591 1744 2632 successoribus
1773 2592 1872 2641 suis,
1895 2593 2008 2645 quod

276 2662 368 2716 ipsi,
392 2669 435 2703 et
458 2676 731 2703 successores
753 2664 830 2713 sui,
854 2664 909 2704 de
931 2670 1073 2704 cetero
1096 2664 1418 2717 imperpetuum
1442 2665 1632 2706 habeant
1654 2672 1697 2706 et
1719 2665 1942 2706 habebunt
1964 2666 2006 2706 in
2028 2687 2070 2719 30

276 2744 319 2777 et
342 2750 419 2790 pro
442 2737 543 2777 villa
572 2738 796 2790 praedicta
825 2752 959 2778 unum
983 2738 1122 2779 virum
1156 2739 1422 2791 praeclarum
1455 2746 1498 2780 et
1530 2740 1778 2789 discretum,
1801 2740 1842 2780 in
1868 2739 2008 2780 forma

276 2810 454 2851 inferius
477 2811 519 2851 in
543 2811 609 2851 his
635 2812 937 2864 praesentibus
960 2826 1172 2865 expressa
1196 2812 1498 2866 [eligendum],
1521 2814 1595 2866 qui
1625 2814 1706 2855 erit
1736 2820 1779 2854 et
1808 2814 2007 2854 nomina-

274 2885 391 2926 bitur
423 2885 743 2926 ‘Recordator'
765 2885 891 2926 villae
922 2886 1177 2939 praedictae,
1201 2886 1256 2926 ad
1289 2886 1442 2926 omnia
1474 2893 1517 2927 et
1549 2886 1723 2939 singula
1755 2887 1931 2939 agenda
1964 2894 2007 2928 et

276 2959 540 3012 exequenda
577 2972 692 3012 quae
732 2960 787 3000 ad
831 2958 1025 2999 officium
1071 2960 1383 3000 Recordatoris
1420 2960 1463 3000 in
1501 2960 1657 3000 eadem
1694 2960 1808 3010 villa,
1845 2973 1920 3001 seu
1963 2961 2005 3001 in

275 3032 422 3085 aliqua
444 3031 533 3072 alia
554 3031 656 3072 villa
678 3032 769 3072 sive
791 3032 888 3073 loco
910 3033 1217 3086 incorporat0‚2
1239 3034 1475 3087 pertinent.
2026 3055 2065 3090 35

360 3105 430 3145 Ac
459 3105 604 3156 etiam,
634 3106 747 3159 quod
780 3106 996 3159 praedicti
1022 3106 1177 3160 Major,
1203 3107 1504 3147 Aldermanni
1531 3113 1575 3148 et
1608 3108 1851 3161 Burgenses
1882 3107 2007 3148 villae

274 3179 530 3232 praedictae,
553 3186 595 3220 et
618 3193 890 3220 successores
913 3180 989 3229 sui,
1012 3181 1067 3221 de
1089 3187 1231 3221 cetero
1259 3181 1578 3234 imperpetuum
1600 3181 1790 3222 habeant
1812 3188 1855 3222 et
1877 3181 2005 3222 habe-

274 3252 385 3293 bunt
417 3252 459 3292 in
483 3252 587 3292 villa
617 3253 841 3305 praedicta
874 3266 1008 3294 unum
1043 3253 1177 3295 alium
1209 3255 1350 3295 virum
1383 3255 1425 3295 in
1457 3254 1626 3307 legibus
1656 3254 1850 3308 Angliae
1879 3256 2004 3296 erud-

404 3345 412 3359 ¹
436 3341 642 3386 quamlibet‚]
661 3343 669 3358 ‘
680 3341 886 3388 quemlibet,’
905 3343 978 3376 MS.
1228 3347 1240 3362 ἲ
1263 3343 1494 3385 incantos-alm]
1513 3343 1777 3389 ‘incorporeat.‚’
1796 3344 1869 3378 MS.
