2164 3804
269 379 323 417 68
530 387 750 419 RECORDS
779 387 840 419 OF
873 386 973 418 THE
1006 386 1242 418 BOROUGH
1276 385 1337 418 OF
1371 385 1721 417 NOTTINGHAM.
1861 376 1991 430 [1682

268 509 512 562 praedictae
540 523 617 562 pro
646 516 845 562 tempore
871 508 1093 558 existenti,
1116 507 1283 557 habere,
1307 507 1542 556 nominare,
1565 513 1608 548 et
1632 507 1772 548 facere
1803 507 1994 560 aliquem

270 581 404 622 alium
437 581 717 623 sufficientem
753 589 795 623 et
829 583 1064 623 discretum
1098 581 1237 622 virum
1273 581 1315 621 in
1351 580 1521 633 legibus
1554 580 1746 633 Angliae
1778 581 1995 622 eruditum

270 654 360 695 fore
382 661 426 696 et
447 669 542 695 esse
565 656 839 709 Deputatum
863 669 989 697 suum
1013 655 1055 695 in
1078 654 1220 695 officii
1241 654 1555 695 Recordatoris
1575 654 1705 695 villae
1726 654 1997 707 praedictae;

270 735 313 769 et
335 729 453 781 quod
477 729 730 782 hujusmodi
756 730 1009 782 Deputatus
1030 728 1090 769 sic
1114 728 1264 776 factus,
1287 728 1543 768 nominatus
1575 734 1617 768 et
1637 728 1818 781 juratus,
1841 727 1998 768 habeat

270 809 313 843 et
344 803 519 843 habebit
553 803 729 856 plenam
765 809 1031 856 potestatem
1067 809 1109 843 et
1143 802 1462 851 authoritatem,
1486 802 1527 841 in
1564 802 1768 842 absentia
1805 801 1997 841 Record-
2038 803 2058 840 5

271 876 417 925 atoris,
441 876 482 916 in
513 877 717 917 omuibus
746 884 789 918 et
817 876 1000 929 singulis
1026 875 1168 916 officio
1199 875 1513 916 Recordatoris
1538 874 1655 915 illius
1675 874 1997 928 spectantibus1

270 950 360 990 sive
383 950 708 1003 pertinentibus,
732 951 786 991 ad
810 963 962 990 omnes
986 949 1251 990 intentiones
1274 955 1317 989 et
1339 948 1565 1001 proposita
1587 961 1701 1001 quae
1725 948 2000 989 Recordator

270 1024 398 1065 villae
434 1024 672 1077 praedictae
709 1038 786 1077 pro
821 1031 1022 1077 tempore
1059 1023 1264 1071 existens,
1292 1022 1451 1063 virtute
1488 1021 1781 1074 praesentium
1813 1035 1888 1062 seu
1921 1021 1997 1061 ali-

271 1112 453 1151 quarum
487 1098 672 1138 aliarum
706 1098 921 1138 literarum
951 1097 1196 1150 patentium
1223 1096 1551 1149 progenitorum
1581 1103 1820 1136 nostrorum
1848 1096 1889 1135 in
1917 1095 1998 1135 hac

271 1179 394 1225 parte
417 1171 645 1220 factarum,
669 1172 813 1220 habet,
836 1178 911 1212 aut
934 1170 1091 1211 habere
1114 1177 1156 1210 et
1179 1184 1384 1210 exercere
1406 1170 1545 1222 possit
1569 1177 1611 1210 et
1634 1169 1777 1210 debet,
2021 1177 2061 1202 10

357 1245 697 1297 Assignavimus
735 1245 880 1293 etiam,
915 1244 1251 1292 nominavimus,
1289 1242 1610 1291 constituimus,
1644 1250 1686 1283 et
1723 1242 1917 1292 fecimus,
1949 1255 1999 1282 ac

271 1333 349 1372 per
378 1325 622 1372 praesentes
653 1333 730 1371 pra
761 1318 899 1367 nobis,
932 1317 1166 1357 heredibus
1198 1324 1241 1357 et
1278 1317 1601 1357 successoribus
1638 1317 1801 1366 nostris,
1833 1316 2000 1369 assign-

272 1406 407 1441 amus,
423 1392 743 1441 constituimus,
760 1391 1051 1440 nominamus,
1068 1397 1110 1431 et
1126 1390 1310 1430 facimus
1332 1390 1538 1430 dilectum
1563 1390 1689 1430 nobis
1714 1389 2000 1442 Radulphum

274 1467 411 1519 Edge,
434 1467 705 1519 arngerum,
729 1465 819 1505 fore
842 1471 884 1505 et
907 1478 1002 1505 esse
1032 1465 1291 1504 modernum
1321 1477 1601 1504 communem
1627 1463 1849 1505 Clericum
1871 1462 2001 1503 villae

271 1540 525 1593 praedictae,
549 1539 896 1580 continuandum
920 1539 961 1578 in
986 1538 1142 1578 eodem
1166 1537 1310 1577 officia
1332 1538 1518 1578 durante
1541 1537 1653 1577 bene
1675 1536 1838 1590 placito
1860 1536 2000 1586 nostri,
2023 1549 2060 1585 15

272 1614 479 1653 heredum
502 1620 544 1653 et
567 1626 866 1653 successorum
896 1618 1162 1661 nostrorum;
1195 1611 1393 1664 quodque
1425 1610 1552 1652 liceat
1585 1617 1628 1652 et
1660 1611 1808 1651 licebit
1840 1610 2000 1663 Majori

272 1694 315 1728 et
337 1687 648 1727 Aldermuuuis
677 1686 802 1726 villae
828 1686 1072 1739 praedictae
1095 1698 1171 1738 pro
1194 1691 1394 1737 tempore
1420 1684 1722 1734 existentibus,
1745 1683 1812 1725 vel
1846 1683 2001 1737 majori

272 1761 384 1814 parti
418 1774 566 1801 eorum
599 1760 803 1813 (quorum
837 1758 1048 1812 Majorem
1081 1757 1210 1799 villae
1244 1758 1489 1810 praedictae
1522 1771 1600 1811 pro
1633 1764 1832 1810 tempore
1865 1756 2001 1798 exist-

268 1841 411 1875 entem
454 1847 589 1875 unum
631 1847 726 1874 esse
762 1832 996 1885 volumus),
1033 1832 1088 1872 de
1130 1838 1330 1884 tempore
1367 1831 1409 1871 in
1452 1837 1627 1884 tempus
1669 1838 1714 1872 et
1756 1832 1811 1871 ad
1854 1830 2003 1871 omnia

268 1914 480 1961 tempora,
509 1914 610 1960 post
643 1913 837 1956 mortem,
870 1906 1138 1947 amotionem
1170 1905 1239 1945 vel
1273 1905 1757 1945 sursum-redditionem
1790 1904 2002 1958 praedicti
2020 1924 2063 1947 20

272 1981 500 2034 Radulphi
525 1982 662 2034 Edge,
681 1994 815 2021 unum
839 1980 972 2020 alium
991 1979 1228 2020 discretum
1251 1985 1294 2019 et
1317 1979 1552 2019 honestum
1576 1979 1715 2019 virum
1740 1979 1780 2019 in
1806 1978 1999 2019 officium

274 2055 532 2098 Communis
564 2055 722 2097 Clerici
755 2068 832 2107 pro
864 2060 907 2095 et
944 2054 986 2093 in
1025 2054 1180 2094 eadem
1214 2053 1316 2093 villa
1347 2053 1586 2101 nominare,
1609 2053 1781 2105 eligere,
1807 2060 1851 2094 et
1883 2066 2002 2105 prae-

275 2128 411 2179 ficere,
448 2128 795 2169 continuandum
833 2128 874 2167 in
912 2127 1069 2167 eodem
1107 2126 1249 2166 officio
1285 2127 1467 2167 durante
1508 2127 1620 2166 bene
1657 2127 1821 2180 placito
1862 2127 2003 2175 nostri,

271 2203 480 2244 heredum
518 2210 560 2244 et
594 2215 892 2242 successorum
927 2207 1194 2251 nostrorum;
1237 2208 1279 2241 et
1317 2201 1377 2241 sic
1414 2201 1468 2241 de
1506 2208 1706 2254 tempore
1742 2202 1785 2241 in
1824 2207 2001 2254 tempus

272 2277 405 2318 toties
427 2277 599 2330 quoties
622 2289 748 2316 casus
775 2275 835 2315 sic
859 2275 1076 2316 acciderit.
2021 2295 2062 2330 25

361 2350 579 2392 Volumus
602 2350 747 2399 etiam,
771 2356 814 2390 et
843 2348 1136 2389 intentionem
1168 2348 1332 2401 regiam
1363 2354 1550 2388 nostram
1581 2348 1867 2397 declaramus,
1889 2348 2002 2401 quod

275 2424 421 2465 nullus
450 2424 725 2465 Recordator
746 2423 813 2464 vel
844 2422 1099 2465 Communis
1123 2422 1321 2464 Clericus
1350 2421 1481 2462 villae
1509 2422 1751 2475 praedictae
1772 2422 1828 2462 de
1856 2427 2004 2462 cetero

275 2497 503 2551 eligendus
538 2497 628 2537 sive
664 2496 1001 2537 constituendus
1036 2495 1303 2537 intromittat
1337 2495 1405 2536 vel
1443 2496 1744 2537 intromittant
1778 2496 1820 2536 in
1855 2495 2002 2548 hujus-

277 2571 399 2612 modi
437 2570 579 2612 officio
621 2571 687 2611 vel
724 2569 890 2619 officiis,
927 2569 1018 2610 sive
1058 2583 1209 2610 eorum
1251 2569 1428 2610 alterius
1468 2570 1720 2622 respective,
1762 2575 2001 2621 antequam

276 2645 547 2699 approbatus
575 2644 714 2693 fuerit,
737 2644 804 2685 vel
836 2643 1069 2697 approbati
1103 2643 1274 2693 fuerint,
1296 2657 1376 2696 per
1404 2657 1494 2693 nos,
1518 2643 1700 2684 heredes
1733 2644 1799 2685 vel
1834 2656 2002 2684 succes·
2024 2665 2065 2698 30

275 2733 394 2760 sores
416 2725 591 2768 nostros,
616 2718 762 2771 aliquo
785 2718 827 2758 in
851 2717 1152 2771 praesentibus
1175 2723 1391 2766 contento,
1409 2724 1485 2758 aut
1507 2717 1654 2770 aliqua
1677 2717 1765 2757 alia
1788 2730 1843 2766 re,
1861 2730 2003 2766 causa,

276 2792 343 2833 vel
366 2792 554 2833 materia
575 2804 834 2844 quacunque
855 2791 897 2830 in
922 2791 1190 2831 contrarium
1214 2791 1316 2831 inde
1339 2791 1381 2830 in
1405 2791 1553 2844 aliquo
1575 2805 1662 2831 non
1687 2790 1973 2831 obstantibus.

362 2867 447 2907 2Et
469 2866 648 2918 insuper
669 2898 676 2905 .
710 2898 716 2905 .
751 2898 757 2905 .
790 2897 797 2905 .
826 2871 1060 2905 teneantur
1082 2870 1124 2905 et
1147 2864 1393 2904 habeantur
1417 2864 1484 2917 [as
1504 2871 1674 2917 atpage
1702 2875 1790 2915 190,
1822 2864 1904 2905 Vol.
1929 2863 2003 2913 ll„

279 2945 286 2960 ‘
302 2939 489 2980 Records
502 2939 540 2992 ’].

367 3013 426 3054 Et
448 3012 566 3066 quod
598 3044 605 3052 .
638 3043 646 3052 .
678 3043 686 3051 .
718 3043 725 3051 .
760 3010 978 3063 eligantur
1001 3010 1067 3064 [as
1087 3016 1279 3065 atpages
1305 3021 1501 3061 190-192,
1525 3011 1667 3064 idem}
2024 3034 2063 3068 35

366 3087 425 3128 Et
447 3087 565 3140 quod
588 3085 884 3126 Vicecomites
907 3084 1119 3137 praedicti
1137 3085 1180 3124 in
1204 3084 1345 3124 forma
1373 3085 1596 3137 praedicta
1625 3085 1830 3138 eligendi,
1853 3085 2003 3126 statim

279 3167 380 3214 post
403 3159 664 3201 electionem
697 3191 705 3199 .
738 3190 745 3198 .
778 3190 785 3198 .
818 3190 826 3198 .
860 3158 1091 3198 mittentur
1117 3157 1184 3211 [as
1204 3164 1373 3210 atpage
1401 3168 1489 3208 192,
1514 3158 1658 3211 idem]

344 3273 353 3288 ¹
377 3269 622 3311 spectantibus,]
642 3267 842 3310 ‘spectand‚'
865 3267 938 3300 MS.
1207 3268 1324 3309 Henry
1339 3267 1414 3305 VI.,
1435 3268 1513 3299 with
1531 3268 1628 3308 slight
1648 3267 1838 3299 alterations
1854 3267 1891 3298 of
1910 3268 2004 3299 small

343 3324 355 3338 ²
381 3321 492 3356 ‘Here
519 3323 574 3355 the
601 3323 727 3356 charter
752 3321 920 3353 embodies
947 3322 1015 3352 that
1041 3321 1077 3352 of
1207 3322 1434 3363 importance.'
1481 3323 1568 3356 Note
1585 3329 1619 3353 to
1639 3322 1837 3359 ‘Charters,'
1855 3333 1885 3365 p.
1911 3329 1978 3365 115.
