2164 3804
296 394 351 435 70
555 392 776 425 RECORDs
805 392 866 424 OF
897 391 999 423 THE
1031 390 1267 423 BORouGH
1300 389 1361 422 OF
1395 389 1746 423 NOTTINGHAM.
1885 380 2016 434 [1682

384 515 443 556 Et
479 515 592 568 quod
627 514 854 567 Johauues
896 513 1051 566 Malyn
1094 519 1137 554 et
1171 511 1398 566 Johannes
1435 511 1623 564 Whitby
1658 511 1747 552 sint
1787 517 1831 552 et
1867 517 2016 552 erunt1

295 589 423 642 primi
455 595 498 629 et
531 588 729 628 moderni
752 587 1061 636 Vicecomites,
1084 585 1379 627 continuandi
1404 585 1447 625 in
1477 584 1619 625 officio
1641 584 1709 624 illo
1738 598 1872 638 usque
1899 597 2019 637 prae-

294 662 458 702 dictam
501 661 659 702 festum
702 661 857 703 Sancti
901 660 1132 701 Michaelis
1174 658 1443 711 Archangeli
1489 657 1689 711 proximo
1730 656 1934 706 futurum,
1976 662 2020 697 et

296 735 456 775 abinde
478 749 704 788 quousque
732 735 803 775 alii
833 734 959 775 electi
989 740 1032 774 et
1060 732 1264 786 praefecti
1288 731 1448 773 suerint
1479 732 1720 772 secundum
1752 737 1945 772 tenorem
1977 736 2021 771 et

295 808 498 850 effectum
521 809 674 850 harum
697 809 915 849 literarum
937 807 1184 861 patentium
1207 813 1456 847 nostrarum.
2061 802 2078 835 5

383 884 442 924 Et
464 883 576 936 quod
609 889 699 924 tam
724 883 908 936 quilibet
941 881 1181 935 Burgensis
1210 913 1217 921 .
1251 913 1258 921 .
1290 913 1298 921 .
1331 912 1339 920 .
1373 879 1585 920 deberent
1608 879 1675 933 [as
1695 885 1891 932 atpages
1922 889 2018 929 192-

302 968 389 1008 194,
425 957 508 998 Vol.
532 956 603 1006 ll,
627 955 910 1008 ‘Rea-ords’Jss

382 1031 441 1072 Et
477 1031 590 1084 quod
632 1031 764 1071 iidem
807 1043 922 1070 nunc
966 1030 1212 1082 Burgenses
1244 1061 1250 1069 .
1283 1060 1290 1068 .
1324 1061 1331 1069 .
1366 1061 1372 1068 .
1407 1027 1675 1069 intromittat
1712 1027 1780 1080 [as
1813 1033 1863 1068 at
1885 1034 2020 1080 pages

301 1106 495 1156 194-196,
520 1105 642 1153 idem,
665 1103 772 1144 willa
792 1103 927 1156 slzglcl
946 1102 1225 1155 alterations}

382 1179 440 1219 Et
472 1178 584 1231 quod
622 1177 735 1218 dicti
769 1178 983 1218 Escaetor
1015 1182 1059 1217 et
1091 1175 1388 1216 Vicecomites
1420 1208 1426 1215 .
1460 1207 1467 1215 .
1501 1207 1508 1215 .
1541 1207 1547 1215 .
1582 1173 1845 1216 certificetur
1878 1174 1945 1228 [as
1974 1180 2022 1214 at
2042 1175 2080 1199 ¹0

283 1259 418 1305 pages
445 1253 640 1302 196-198‚
665 1250 806 1304 idem}

380 1326 691 1368 Concessimus
734 1325 866 1366 etiam
901 1357 907 1364 .
941 1356 947 1364 .
981 1357 989 1364 .
1022 1357 1028 1364 .
1064 1336 1422 1377 quorumcunque
1463 1323 1530 1376 [as
1564 1329 1613 1363 at
1641 1330 1776 1376 pages
1822 1324 2018 1373 198-200,

294 1399 435 1452 idem}

380 1474 438 1514 Et
461 1472 651 1522 ulterius,
675 1486 731 1512 ex
756 1485 876 1512 mero
900 1477 1022 1511 motu
1047 1477 1090 1511 et
1119 1476 1238 1511 certa
1261 1469 1445 1510 scientia
1474 1469 1625 1510 nostris
1648 1469 1893 1522 praedictis,
1916 1483 2018 1510 con-

291 1546 500 1587 cessimus
523 1560 600 1599 pro
623 1545 760 1594 nobis,
779 1544 1013 1585 heredibus
1031 1550 1074 1584 et
1097 1543 1420 1584 successoribus
1444 1543 1605 1592 nestris,
1624 1542 1830 1596 praefatis
1847 1543 2018 1596 Majori,
2042 1547 2079 1581 15

290 1619 598 1661 Aldcrmauuis
631 1625 673 1660 et
707 1618 1005 1671 Burgensibus
1031 1617 1176 1658 dictae
1207 1617 1335 1657 villae
1367 1618 1422 1657 de
1458 1616 1765 1669 Nottingharn,
1788 1630 1838 1656 ac
1870 1629 2019 1657 eorum

290 1694 612 1735 successoribus
664 1693 999 1745 imperpetuum,
1041 1692 1154 1744 quod
1207 1691 1452 1744 praedictus
1502 1690 1738 1732 Gervasius
1789 1690 1925 1743 Wyld
1977 1697 2020 1731 et

289 1770 473 1823 quilibet
506 1768 745 1810 succedens
781 1767 936 1820 Major,
960 1773 1195 1820 postquam
1231 1766 1286 1806 ab
1320 1765 1467 1806 officio
1502 1764 1684 1817 Majoris
1719 1770 1894 1804 amotus
1927 1764 2019 1813 erit,

290 1857 402 1884 unus
434 1843 524 1892 erit,
554 1849 597 1884 et
630 1834 907 1883 continuabit
942 1854 1063 1890 unus,
1096 1854 1153 1881 ex
1187 1854 1268 1881 sex
1306 1839 1615 1880 Aldermauuis
1653 1838 1897 1892 praedictis.
1961 1838 2020 1879 Et

289 1918 401 1970 quod
426 1917 571 1970 Major
592 1923 636 1957 et
659 1915 943 1956 Alderulauui
975 1947 982 1954 .
1016 1947 1023 1954 .
1057 1947 1063 1954 .
1097 1947 1104 1954 .
1135 1914 1221 1954 sint
1242 1913 1484 1966 Justitiarii
1503 1913 1631 1953 nostri
1661 1945 1668 1953 .
1701 1945 1708 1952 .
1742 1945 1749 1952 .
1782 1945 1788 1952 .
1818 1912 2018 1965 qualiter·
2040 1920 2082 1943 20

290 2004 458 2044 cunque
480 1990 522 2030 in
547 1989 739 2031 futurum
763 1989 830 2042 [as
850 1995 1043 2041 alpages
1066 1998 1266 2036 200-202,
1303 1987 1385 2027 l'al.
1410 1987 1482 2036 ll,
1508 1986 1768 2039 ‘Records’].

378 2064 688 2106 Concessimus
721 2063 900 2116 insuper
927 2095 934 2103 .
967 2095 974 2102 .
1008 2095 1014 2102 .
1049 2095 1056 2102 .
1089 2075 1363 2102 successores
1395 2074 1497 2101 suos
1530 2073 1617 2101 non
1650 2060 1857 2101 obstante
1880 2059 1948 2113 [as
1974 2066 2022 2100 at

282 2146 415 2191 ,bages
442 2138 642 2186 202-206,
666 2136 806 2189 idem}

379 2212 438 2252 Et
469 2210 656 2259 ulterius,
679 2210 734 2250 de
766 2209 954 2249 uberiori
987 2209 1130 2261 gralia
1162 2215 1303 2249 nostra
1334 2208 1518 2261 speciali,
1541 2214 1584 2248 et
1610 2220 1666 2248 ex
1690 2214 1808 2249 certa
1836 2207 2019 2249 scientia

292 2291 335 2326 ct
368 2298 488 2325 mero
521 2290 642 2324 motu
677 2282 838 2332 nostris,
862 2282 1145 2323 concedimus
1177 2288 1221 2323 et
1252 2281 1566 2322 confirmamus
1603 2281 1810 2334 praefatis
1846 2281 2018 2335 Majori,
2039 2291 2078 2325 25

293 2357 601 2399 Aldcrmauuis
635 2363 678 2397 et
714 2356 1011 2409 Burgensibus
1045 2355 1174 2396 villae
1209 2356 1462 2408 praedictae,
1487 2362 1530 2397 et
1562 2356 1887 2397 successoribus
1918 2356 2019 2406 suis,

292 2432 444 2472 omnia
477 2437 520 2472 et
548 2430 722 2483 singula
750 2430 920 2477 eadem,
944 2429 1211 2483 hujusmodi,
1235 2436 1278 2470 et
1307 2429 1556 2470 consimilia
1589 2430 1848 2483 messuagia,
1870 2436 2019 2479 terras,

292 2511 547 2547 tenementa
593 2510 637 2545 et
678 2504 1042 2553 hereditamenta,
1080 2517 1250 2544 necnon
1292 2504 1445 2544 omnia
1487 2510 1530 2544 et
1571 2504 1745 2557 singula
1781 2504 1936 2545 eadem
1977 2510 2021 2545 et

292 2578 548 2632 hujusmodi
572 2577 806 2627 libertates,
830 2577 1071 2630 privilegia,
1095 2577 1374 2627 franchesias,
1398 2578 1629 2627 nundinas,
1653 2584 1857 2628 mercata,
1881 2578 2020 2628 serias,

294 2651 411 2701 fines,
434 2651 788 2700 amerciamenta,
818 2650 1022 2704 proficua,
1045 2652 1390 2700 commoditates,
1420 2651 1768 2700 consuetudines,
1797 2651 2019 2693 immunit-
2040 2664 2082 2697 30

292 2732 391 2775 ates,
414 2724 694 2778 quietantias,
717 2724 1034 2777 exemptiones,
1054 2724 1152 2777 jura
1175 2731 1218 2766 et
1245 2725 1569 2778 jurisdictiones
1589 2738 1884 2778 quaecunque,
1905 2738 2020 2778 quae

294 2800 451 2854 Major,
484 2799 782 2848 Aldermamzi,
817 2805 860 2840 et
895 2799 1142 2852 Burgenses
1176 2799 1306 2840 villae
1338 2800 1593 2852 praedictae,
1623 2805 1699 2840 aut
1732 2798 1866 2852 aliqui
1899 2812 2018 2852 prae—

293 2875 543 2915 decessores
577 2873 653 2922 sui,
676 2886 755 2926 per
782 2886 1068 2925 quaecunque
1101 2873 1291 2922 nomina,
1314 2873 1381 2913 vel
1415 2887 1495 2926 per
1524 2873 1811 2926 quodcunque
1844 2885 2017 2922 nomen,

294 2947 361 2987 vel
393 2961 472 3000 per
489 2959 795 3000 quamcunque
826 2946 1243 2999 incorporationem,
1266 2947 1332 2987 vel
1365 2954 1597 3000 praetextu
1629 2947 1925 3001 cujuscunque
1954 2947 2017 2987 in-

294 3021 624 3074 corporationis,
648 3022 782 3061 modo
813 3021 880 3061 vel
912 3021 1101 3062 antehac
1133 3021 1389 3071 habueruut,
1416 3028 1660 3072 tenuerunt,
1683 3022 1748 3062 usi
1779 3022 1847 3062 vel
1879 3021 2016 3075 gavisi
2037 3033 2077 3069 35

294 3094 477 3144 suerunt,
500 3100 576 3136 aut
607 3094 781 3143 habere,
804 3101 963 3144 tenere,
986 3096 1049 3136 uti
1081 3096 1148 3136 vel
1180 3098 1373 3149 gaudere
1401 3096 1656 3145 debuerunt,
1678 3095 1843 3145 habuit,
1864 3095 2018 3145 tenuit,

294 3186 396 3213 usus
419 3172 486 3213 vel
518 3172 694 3225 gavisus
718 3171 809 3221 suit,
832 3172 985 3213 debuit
1017 3178 1093 3213 aut
1114 3173 1372 3221 debuerunt,
1396 3173 1457 3213 eis
1489 3178 1533 3213 et
1563 3171 1886 3213 successoribus
1917 3170 2017 3220 suis,

294 3245 465 3286 ratione
495 3259 571 3286 seu
603 3251 835 3298 praetextu
873 3244 1116 3298 aliquarum
1152 3252 1369 3286 cartarum
1403 3252 1479 3286 aut
1514 3246 1732 3286 literarum
1769 3243 2016 3297 patentium

294 3319 537 3372 aliquorum
569 3318 897 3371 progenitorum
929 3331 1004 3358 seu
1037 3325 1363 3359 antecessorum
1398 3325 1647 3367 nostrorum,
1671 3331 1811 3370 nuper
1842 3317 2016 3369 Regum
