2164 3804
258 391 315 431 60
516 398 738 432 RECORDS
770 399 831 431 OF
864 398 965 429 THE
997 397 1234 430 BOROUGH
1267 396 1328 429 OF
1362 394 1712 428 NOTTINGHAM.
1852 384 1983 439 [1682

344 519 685 574 Assignavimus
727 521 873 570 etiam,
916 519 1252 568 nominavimus,
1289 517 1543 566 creavimus,
1585 515 1895 557 constituimus
1941 520 1985 555 et

257 593 450 643 fecimus,
494 608 543 634 ac
585 608 663 648 pest
711 600 964 648 praesentes
1005 607 1084 646 pro
1125 593 1262 641 nobis,
1304 591 1537 633 heredibus
1579 597 1622 632 et
1663 589 1984 631 successoribus

256 668 422 717 nostris,
458 668 746 721 assignamus,
784 668 1076 716 nominamus,
1114 680 1323 715 creamus,
1361 665 1670 706 constituimus
1714 670 1758 705 et
1800 663 1983 704 facimus

254 741 440 781 dilectos
470 741 595 782 nobis
626 741 874 794 Johanuem
908 741 1052 781 Peake
1081 747 1124 781 et
1151 741 1401 794 Johauuem
1434 739 1677 792 Uthwayte
1700 738 1790 779 fore
1818 744 1862 779 et
1890 751 1984 779 esse

257 815 493 855 modernos
546 815 821 856 Camerarios
870 814 999 855 villae
1050 814 1304 867 praedictae,
1357 812 1677 853 continuandos
1732 812 1774 852 in
1826 811 1986 852 officiis
2027 815 2044 848 5

258 887 607 930 Camerariorum
630 901 764 941 usque
792 889 846 929 ad
871 887 1031 928 festum
1063 887 1214 930 Sancti
1246 887 1471 928 Michaelis
1494 886 1764 939 Archangeli
1787 885 1985 939 proximo

255 975 445 1014 sequens
466 962 618 1002 datum
642 961 946 1015 praesentium,
970 968 1013 1002 et
1042 961 1204 1002 abinde
1226 974 1452 1014 quousque
1473 961 1562 1000 duo
1585 959 1657 1000 alii
1680 960 1735 1000 de
1764 973 1844 1000 sex
1869 960 1984 1002 Con-

255 1035 441 1085 suimus,
465 1035 531 1076 vel
566 1035 666 1076 aliis
705 1035 1002 1089 Burgensibus
1037 1035 1166 1076 villae
1204 1035 1448 1088 praedictae
1484 1048 1572 1074 non
1610 1033 1901 1074 existentibus
1931 1034 1986 1074 de

255 1123 439 1150 numero
474 1109 722 1150 octodecim
767 1109 1037 1162 Capitalium
1077 1109 1436 1151 Consiliariorum
1475 1108 1606 1149 villae
1647 1108 1904 1161 praedictae,
1942 1107 1984 1147 in

255 1182 404 1223 officia
439 1183 791 1225 Camerariorum
826 1183 952 1224 electi
987 1190 1030 1224 et
1063 1183 1269 1237 praefecti
1297 1183 1483 1234 fuerint;
1516 1189 1560 1224 et
1594 1183 1649 1224 ad
1683 1196 1832 1224 verum
1867 1188 2047 1223 com-10

256 1263 409 1309 potum
443 1257 544 1297 inde
577 1257 849 1297 reddendum
884 1256 1091 1310 praefatis
1123 1257 1297 1310 Majorz,
1321 1256 1644 1306 Aldermanm‘s,
1671 1262 1715 1297 et
1748 1256 1990 1298 Communi

257 1331 452 1372 Consilio
470 1331 599 1371 villae
622 1331 892 1384 praedictae3
923 1337 965 1371 et
989 1331 1071 1371 hoc
1094 1331 1226 1371 toties
1243 1331 1416 1384 quoties
1439 1331 1500 1371 eis
1522 1330 1734 1384 expedire
1756 1330 1986 1370 videbitur.

258 1405 317 1445 Et
353 1405 465 1457 quod
503 1405 558 1445 de
595 1411 794 1457 tempore
832 1404 874 1444 in
912 1411 1100 1458 tempus,
1133 1412 1177 1446 et
1215 1406 1269 1445 ad
1305 1405 1456 1446 omnia
1493 1412 1695 1458 tempora
1731 1411 1832 1458 post
1867 1419 1985 1458 prae-

255 1478 419 1519 dictam
452 1478 611 1519 festum
649 1479 801 1520 Sancti
840 1479 1068 1519 Michaelis
1101 1479 1378 1532 Archangeli,
1403 1485 1582 1520 mortem
1616 1478 1682 1519 vel
1718 1479 1984 1519 amotionem

256 1552 579 1605 praedictorum
620 1552 837 1605 Johauuis
882 1552 1027 1593 Peake
1069 1559 1112 1593 et
1152 1553 1370 1606 Johannis
1411 1553 1666 1606 Uthwayte,
1703 1553 1770 1593 vel
1814 1552 1985 1593 alterius
2010 1560 2045 1594 15

255 1639 416 1675 eorum,
440 1626 506 1666 vel
530 1626 714 1679 alicujus
737 1640 812 1667 seu
836 1626 1082 1680 aliquorum
1111 1641 1411 1667 successorum
1439 1641 1627 1676 suorum,
1652 1626 1808 1680 Major,
1832 1625 1985 1666 Alder-

256 1700 403 1740 manui
427 1706 470 1740 et
495 1699 804 1753 Commune[s]
829 1700 1085 1742 Consiliarii
1105 1700 1233 1741 villae
1262 1701 1507 1754 praedictae
1528 1715 1607 1754 pro
1629 1707 1828 1754 tempore
1851 1700 1986 1741 exist-

255 1780 383 1823 entes,
416 1773 483 1814 vel
523 1773 664 1827 major
701 1788 802 1827 pars
837 1788 985 1814 eorum
1020 1775 1224 1828 (quorum
1263 1774 1474 1828 Majorem
1511 1774 1709 1828 ejusdem
1744 1774 1874 1814 villae
1911 1787 1988 1827 pro

255 1854 455 1901 tempore
477 1848 738 1889 existentem
762 1862 896 1888 unum
920 1862 1015 1889 esse
1037 1849 1272 1902 volumus),
1294 1862 1429 1889 unum
1452 1849 1587 1889 alium
1610 1849 1762 1897 virum,
1785 1848 1852 1888 vel
1876 1848 1987 1888 duos

256 1923 371 1963 viros
394 1923 602 1964 discretos
623 1930 666 1964 et
689 1923 895 1964 honestos
915 1924 971 1964 de
1000 1924 1240 1977 praedictis
1267 1938 1347 1965 sex
1372 1924 1648 1966 Consiliariis
1670 1923 1737 1965 vel
1769 1925 1987 1977 Burgens-
2008 1935 2049 1958 20

256 1996 350 2037 ibus
380 1996 509 2037 villae
543 1997 788 2050 praedictae
820 2011 907 2037 non
943 1997 1237 2039 existentibus
1267 1998 1541 2051 Capitalibus
1569 1998 1848 2041 Consiliariis
1874 1998 1987 2052 ejus-

255 2071 357 2111 dem
381 2070 522 2120 villae,
546 2071 588 2110 in
614 2072 887 2113 Camerarios
908 2072 1038 2112 villae
1067 2072 1313 2125 praedictae
1339 2072 1510 2125 eligere,
1533 2072 1772 2122 nominare,
1796 2079 1839 2113 et
1868 2086 1987 2126 prae-

257 2143 383 2184 ficere
418 2144 595 2185 valeant
632 2151 676 2185 et
713 2145 910 2198 possint;
948 2146 1147 2199 quodque
1181 2146 1264 2196 ille,
1296 2146 1387 2187 sive
1421 2146 1494 2196 illi,
1527 2147 1600 2200 qui
1638 2147 1680 2187 in
1716 2146 1989 2189 Camerarios

255 2218 385 2258 villae
421 2219 668 2272 praedictae
700 2219 772 2268 sic,
805 2225 852 2260 ut
886 2218 1136 2272 praefertur,
1170 2220 1336 2260 electus
1370 2219 1624 2273 praefectus,
1657 2226 1701 2261 et
1734 2220 1990 2261 nominatus

257 2292 390 2341 fuerit,
420 2292 488 2332 vel
523 2292 662 2342 electi,
693 2292 912 2346 praefecti,
943 2299 986 2334 et
1020 2293 1245 2335 nominati
1270 2293 1440 2343 fuerint,
1467 2293 1615 2334 officia
1650 2294 1725 2334 illa
1760 2295 1987 2336 Camerar-
2007 2307 2047 2341 25

257 2366 394 2406 iorum
417 2366 543 2406 villae
572 2367 818 2420 praedictae
846 2381 1052 2408 exercere
1081 2374 1124 2408 et
1146 2368 1339 2420 gaudere
1362 2368 1538 2409 valeant
1567 2374 1610 2409 et
1638 2368 1821 2421 possint,
1844 2368 1989 2409 valeat

257 2446 301 2480 et
335 2439 483 2493 possit,
507 2454 584 2493 pro
616 2453 704 2480 uno
733 2454 851 2481 anno
884 2441 1056 2494 integro
1085 2448 1252 2482 extunc
1285 2442 1487 2495 proximo
1515 2442 1728 2495 sequenti,
1752 2448 1796 2484 et
1827 2442 1990 2483 abinde

257 2527 483 2566 quousque
524 2527 658 2554 unum
701 2514 848 2564 alimu,
886 2515 953 2555 vel
991 2516 1080 2556 duo
1117 2515 1206 2565 alii,
1244 2530 1300 2556 ex
1338 2530 1419 2556 sex
1463 2516 1741 2558 Consiliariis
1780 2516 1848 2557 vel
1890 2516 1990 2556 aliis

259 2587 554 2640 Burgensibus
579 2588 709 2628 villae
742 2589 989 2641 praedictae
1016 2603 1103 2629 non
1131 2590 1425 2630 existentibus
1446 2590 1501 2630 de
1530 2603 1714 2631 numero
1739 2590 1987 2631 octodecim

258 2660 529 2714 Capitalium
573 2661 934 2703 Consiliariorum
978 2662 1109 2703 villae
1160 2663 1416 2716 praedictae,
1459 2664 1514 2704 ad
1565 2663 1714 2704 officia
1765 2664 1989 2717 praedicta
2009 2678 2050 2710 30

258 2735 611 2777 Camerariorum
635 2735 764 2775 villae
793 2736 1040 2788 praedictae
1061 2737 1216 2778 debito
1245 2738 1380 2778 modo
1403 2737 1537 2778 electi
1562 2744 1606 2778 et
1628 2736 1842 2790 praefecti
1861 2736 1989 2778 fuerit

257 2808 324 2849 vel
348 2808 536 2859 fuerint;
569 2814 612 2848 et
638 2808 720 2848 hoc
745 2809 875 2850 toties
899 2810 1071 2862 quoties
1101 2824 1227 2851 casus
1256 2811 1317 2851 sic
1340 2811 1574 2852 acciderit:
1607 2811 1688 2851 nisi
1718 2811 1888 2852 interim
1912 2825 1990 2864 pro

257 2882 375 2923 mala
406 2882 731 2934 gubernatione
763 2883 854 2923 sive
882 2883 997 2924 male
1023 2898 1069 2924 se
1096 2885 1286 2937 gerendo
1312 2885 1355 2925 in
1383 2899 1434 2926 ea
1460 2892 1596 2938 parte,
1620 2891 1696 2926 aut
1730 2899 1808 2938 pro
1841 2885 1988 2938 aliqua

257 2969 391 2996 causa
422 2955 684 3004 rationabili,
709 2956 764 2996 ab
792 2956 951 2997 officiis
973 2957 1058 2997 illis
1089 2958 1234 2999 amoti
1262 2965 1400 3007 erunt,
1424 2965 1500 2999 aut
1532 2973 1681 2999 eorum
1712 2959 1832 3008 alter,
1851 2958 1988 2999 amoti

257 3036 385 3070 erunt
407 3029 475 3070 vel
506 3036 681 3070 amotus
711 3030 803 3079 erit,
827 3044 905 3083 per
932 3031 1156 3084 Majorem,
1180 3031 1503 3073 Aldermamzos
1527 3039 1569 3073 et
1600 3034 1844 3074 Commune
1873 3034 1987 3074 Con·
2008 3044 2047 3079 35

256 3103 401 3144 silium
444 3103 573 3143 villae
614 3103 871 3156 praedictae,
913 3104 980 3144 vel
1027 3104 1235 3157 majorem
1277 3112 1458 3158 partem
1501 3106 1741 3146 eorundem
1783 3106 1987 3158 (quorum

259 3176 470 3230 Majorem
494 3189 571 3229 pro
593 3182 793 3229 ternpore
815 3177 1078 3218 existentem
1102 3191 1236 3218 unum
1260 3192 1355 3218 esse
1378 3179 1610 3232 volumus).

347 3250 406 3290 Et
427 3249 641 3299 volumus,
665 3263 714 3289 ac
747 3263 826 3302 per
854 3257 1103 3302 praesentes
1136 3265 1213 3303 pro
1242 3252 1380 3301 nobis,
1403 3252 1638 3292 heredibus
1658 3259 1701 3293 et
1730 3252 1988 3293 successori-

259 3324 341 3364 bus
363 3323 530 3373 nostris,
553 3323 836 3363 concedimus
863 3323 1070 3376 praefatis
1092 3325 1266 3378 Majori,
1289 3324 1600 3366 Aldermauuis
1623 3332 1666 3367 et
1689 3327 1988 3379 Burgensibus
