2164 3804
273 378 325 417 72
532 376 752 409 RECORDs
785 377 845 409 or
879 379 978 410 THE
1012 380 1248 414 BOROUGH
1282 380 1342 413 oF
1376 381 1725 414 NOTTINGHAM.
1865 373 1994 426 [1682

272 497 338 538 vel
374 497 643 551 Reginarum
673 498 878 552 Angliae,
902 515 1080 555 quoquo
1113 503 1248 543 modo
1279 502 1467 543 antehac
1494 501 1996 552 factarum,confir1nat-

271 585 410 620 arum,
433 571 499 612 vel
537 585 857 624 concessarum,
880 581 955 615 aut
992 582 1225 628 praetextu
1263 576 1445 629 alicujus
1482 576 1850 630 praescriptionis,
1883 590 1996 626 usus,

272 658 346 685 seu
385 646 731 696 consuetudinis,
764 661 839 688 seu
874 662 1133 702 quocunque
1170 649 1253 690 alio
1289 650 1418 703 legali
1454 650 1599 699 modo,
1629 650 1736 703 jure,
1759 664 1833 691 seu
1868 650 1997 691 titulo

272 719 460 759 antehac
492 720 757 768 habitarum,
780 721 1056 773 usitatarum,
1085 737 1161 764 seu
1193 730 1516 773 consuetarum,
1550 731 1741 777 excepta
1772 738 1860 764 una
1892 723 1997 764 feria

272 792 430 833 ibidem
467 799 600 842 tenta,
624 800 667 835 et
701 795 838 835 teneri
872 803 1094 846 consueta,
1122 797 1164 836 in
1199 803 1242 837 et
1273 811 1403 850 super
1434 796 1591 838 festum
1624 798 1763 838 sancti
1798 797 1997 838 Mathiae
2036 802 2054 835 5

271 865 489 919 Apostoli.
554 867 613 908 Et
635 867 814 908 ulterius
836 869 1050 919 volumus,
1068 876 1111 911 et
1133 884 1210 923 per
1232 877 1481 923 praesentes
1503 884 1581 923 pro
1603 870 1740 919 nobis,
1762 870 1996 912 heredibus

271 946 314 980 et
346 941 668 981 successoribus
701 942 862 991 nostris,
886 944 1169 984 concedimus
1192 943 1399 997 praefatis
1427 943 1599 997 Majori,
1622 944 1931 985 Aldermanuis
1952 951 1996 986 et

273 1014 568 1067 Burgensibus
602 1014 731 1055 villae
764 1016 819 1056 de
858 1016 1152 1070 Nottingham
1188 1018 1441 1070 praedictae,
1476 1024 1519 1058 et
1552 1018 1874 1059 successoribus
1907 1018 1994 1059 suis

270 1087 603 1141 imperpetuum,
633 1090 745 1142 quod
783 1089 863 1143 ipsi
896 1097 939 1131 et
976 1105 1247 1132 successores
1280 1092 1343 1132 sui
1376 1092 1579 1141 habeant,
1603 1099 1784 1133 teneant
1821 1098 1864 1134 et
1899 1106 1993 1133 cus-

270 1162 444 1203 todiant
481 1161 592 1202 infra
627 1163 813 1203 eandem
852 1164 1012 1214 villam,
1036 1165 1132 1205 loco
1168 1165 1413 1218 praedictae
1445 1164 1577 1205 feriae
1610 1165 1768 1206 ibidem
1807 1166 2054 1207 antehac10

269 1241 415 1275 tentae
436 1235 477 1276 in
509 1242 551 1277 et
577 1249 710 1289 super
735 1238 1003 1290 praedictum
1026 1237 1186 1279 festum
1212 1238 1362 1281 Sancti
1390 1239 1591 1279 Mathiae
1613 1238 1833 1292 Apostoli,
1856 1253 1992 1281 annu-

268 1308 374 1349 atim
408 1309 731 1362 imperpeluum
765 1311 961 1363 quolibet
995 1325 1112 1352 anno
1144 1313 1277 1353 duas1
1313 1326 1449 1353 novas
1482 1312 1608 1353 ferias
1640 1313 1731 1353 sive
1764 1314 1993 1363 nundinas,

267 1383 407 1434 prima
449 1384 685 1424 earundem
730 1383 932 1425 seriarum
980 1385 1212 1438 incipiente
1257 1386 1297 1425 in
1347 1393 1389 1426 ct
1435 1399 1567 1438 super
1608 1386 1862 1427 vicesimum
1908 1394 1991 1428 ter-

266 1456 373 1496 tium
415 1456 531 1496 diem
574 1456 741 1509 Aprilis
783 1458 980 1510 quolibet
1027 1472 1155 1508 anno,
1193 1466 1236 1500 et
1283 1460 1478 1500 secunda
1520 1459 1625 1500 feria
1668 1461 1990 1513 praedictarum

266 1528 467 1569 feriarum
510 1529 601 1570 sive
648 1531 947 1571 nundinarum
1001 1532 1232 1585 incipiente
1284 1534 1325 1572 in
1369 1539 1411 1573 et
1463 1547 1596 1586 super
1643 1533 1830 1586 primum
1872 1535 1988 1575 diem
2014 1546 2050 1580 15

265 1603 530 1644 Novembris
553 1604 750 1656 quolibet
782 1618 909 1655 anno,
934 1606 1014 1645 nisi
1047 1606 1207 1659 aliquis
1238 1606 1554 1659 praedictorum
1584 1606 1752 1647 dierum
1784 1607 1991 1649 acciderit

263 1690 357 1716 esse
396 1677 501 1717 Dies
545 1678 810 1728 Dominicus,
848 1686 890 1720 et
932 1686 1036 1720 tunc
1079 1680 1120 1720 in
1164 1687 1207 1721 et
1248 1694 1382 1733 super
1421 1680 1550 1720 Diem
1596 1681 1750 1721 Lunae
1792 1681 1991 1734 proximo

262 1756 524 1802 sequentem,
548 1757 591 1791 et
614 1751 836 1803 quaelibet
860 1752 965 1793 feria
994 1754 1067 1794 illa
1093 1768 1172 1806 per
1197 1761 1298 1795 octo
1324 1755 1417 1794 dies
1446 1755 1682 1804 duratura3
1716 1768 1990 1808 unacumque

263 1823 394 1865 Curia
418 1824 546 1864 Pedis
575 1824 843 1866 Pulverizati
870 1827 1027 1867 ibidem
1052 1834 1251 1881 tempore
1280 1829 1517 1868 earundem
1542 1828 1744 1868 feriarum
1774 1835 1817 1869 et
1847 1830 1987 1869 nund-

261 1896 434 1936 inarum
458 1898 699 1950 respective
722 1901 927 1950 tenenda,
951 1908 994 1942 et
1017 1902 1221 1942 omnibus
1245 1902 1522 1944 libertatibus
1542 1910 1585 1944 et
1615 1903 1762 1944 liberis
1786 1910 1986 1945 consuet·
2006 1919 2048 1942 20

261 1970 465 2010 udiuibus
500 1972 555 2011 ad
593 1972 847 2025 hujusmodi
887 1976 1066 2017 Curiam
1104 1977 1451 2029 pertinentibus;
1488 1977 1618 2017 simul
1656 1991 1755 2018 cum
1794 1978 1986 2028 tollneto,

258 2043 471 2096 stallagio,
504 2045 709 2099 piccagib,
744 2046 912 2097 finibus,
948 2056 991 2090 et
1028 2050 1393 2100 amerciamentis,
1429 2065 1478 2091 ac
1514 2051 1721 2091 omnibus
1757 2051 1852 2091 aliis
1889 2065 1985 2104 pro-

260 2116 391 2166 ficuis,
415 2119 811 2170 commoditatibus,
835 2128 878 2162 et
907 2123 1222 2165 emolumentis
1249 2125 1304 2165 de
1335 2124 1591 2178 hujusmodi
1615 2123 1741 2173 feriis,
1765 2125 1985 2174 nundinis,

258 2197 300 2231 et
325 2191 459 2232 Curia
484 2192 612 2233 Pedis
637 2193 904 2236 Pulverizati
928 2197 1297 2248 provenientibus,
1320 2198 1623 2247 incidentibus,
1647 2198 1984 2251 emergentibus,

257 2278 332 2304 seu
365 2265 729 2319 contingentibus,
762 2282 811 2308 ac
844 2283 942 2310 cum
976 2270 1180 2311 omnibus
1212 2271 1493 2312 libertatibus
1526 2277 1569 2311 et
1601 2271 1750 2311 liberis
1782 2278 1984 2313 consuet-
2003 2291 2043 2324 ²5

256 2338 462 2379 udiuibus
491 2340 545 2380 ad
572 2340 827 2394 hujusmodi
851 2343 990 2394 ferias,
1015 2345 1245 2394 nundinas,
1269 2352 1312 2386 et
1343 2345 1523 2387 Curiam
1558 2345 1686 2386 Pedis
1721 2345 1988 2387 Pulverizati

256 2412 576 2464 pertinentibus
603 2415 669 2455 vel
703 2417 1027 2468 spectantibus;
1060 2418 1121 2459 ita
1150 2425 1298 2459 tamen
1322 2419 1434 2472 quod
1465 2419 1716 2472 praedictae
1739 2419 1872 2459 feriae
1893 2419 1984 2460 sive

255 2485 479 2525 nundinae
517 2499 603 2526 non
637 2487 734 2537 sint,
764 2503 839 2529 seu
877 2498 1051 2530 earum2
1082 2490 1229 2541 altera,
1253 2505 1340 2532 non
1378 2491 1434 2532 sit
1470 2491 1525 2531 ad
1558 2497 1874 2532 nocumentum
1906 2491 1981 2531 ali-

255 2570 438 2609 quarum
481 2559 663 2601 aliarum
701 2561 903 2603 feriarum
946 2564 1036 2605 sive
1078 2565 1401 2606 nundinarum:
1442 2564 1660 2613 habenda,
1699 2565 1892 2605 tenenda
1938 2570 1982 2606 et

254 2632 491 2683 gaudenda
520 2634 669 2675 omuia
697 2641 739 2676 et
769 2636 942 2689 singula
971 2639 1126 2679 eadem
1157 2645 1304 2688 terras,
1328 2644 1594 2688 tenementa,
1617 2638 1980 2688 hereditamenta‚
1999 2659 2042 2692 30

254 2704 486 2755 libertates,
528 2708 768 2761 privilegia,
806 2709 1084 2761 franchesias,
1118 2712 1228 2765 jura,
1265 2719 1308 2754 et
1350 2719 1495 2754 cetera
1536 2712 1773 2765 praemissa
1814 2712 1978 2752 eisdem

255 2778 426 2831 Majori,
449 2779 756 2823 Aldermauuis
779 2790 822 2824 et
846 2785 1143 2838 Burgensibus
1164 2785 1293 2826 villae
1318 2786 1572 2839 praedictae,
1595 2792 1639 2826 et
1660 2785 1981 2826 successoribus

253 2851 341 2892 suis
374 2852 730 2907 imperpetuum;
763 2858 984 2898 reddendo
1015 2859 1117 2900 inde
1149 2860 1286 2909 nobis,
1314 2859 1548 2900 heredibus
1580 2865 1624 2900 et
1655 2858 1979 2899 successoribus

253 2925 414 2974 nostris,
437 2926 552 2976 talia,
576 2929 742 2979 eadem,
766 2930 1033 2984 hujusmodi,
1056 2939 1099 2974 et
1122 2933 1371 2974 consimilia
1394 2933 1570 2983 reditus,
1592 2932 1782 2982 servitia,
1805 2932 1977 2973 denari-

252 3011 373 3038 orum
405 3013 609 3050 summas,
633 3008 676 3042 et
713 3009 892 3044 tenuras
924 3019 1037 3058 quae
1073 3006 1258 3059 proinde
1294 3007 1421 3047 nobis
1457 3006 1644 3047 antehac
1681 3005 1977 3053 reddiderunt,
1997 3029 2037 3063 35

252 3085 327 3112 seu
350 3073 518 3114 solvere
539 3084 860 3118 consueverunt
883 3085 926 3119 et
948 3080 1003 3120 de
1025 3079 1121 3132 jure
1143 3080 1398 3121 debuerunt.

339 3147 556 3188 Volumus
588 3150 731 3199 etiam,
765 3158 808 3192 et
839 3166 916 3204 pro
947 3153 1087 3202 nobis,
1118 3154 1350 3194 heredibus
1383 3161 1425 3195 et
1456 3154 1778 3195 successoribus
1810 3153 1975 3202 nostris,

251 3221 531 3261 concedimus
554 3222 759 3274 praefatis
782 3225 953 3278 Majori,
978 3226 1285 3267 Aldermanuis
1308 3234 1350 3268 et
1381 3227 1677 3280 Burgensibus
1699 3226 1828 3267 villae
1856 3239 1974 3278 prae-

251 3291 400 3342 dictae,
435 3300 477 3334 et
511 3297 831 3338 successoribus
864 3299 963 3349 suis,
997 3313 1076 3352 per
1108 3307 1368 3353 praesenteS,
1402 3302 1515 3354 quod
1549 3301 1748 3350 habeant,
1783 3307 1974 3350 teneant,
