2164 3804
290 398 344 438 86
549 405 770 437 RECORDS
799 404 859 437 OF
892 405 993 436 THE
1025 403 1260 437 BOROUGH
1293 403 1354 436 OF
1389 401 1739 436 NOTTINGHAM.
1877 391 2007 444 [1692

292 541 408 567 anno
438 527 558 579 regni
588 540 726 579 nuper
757 525 891 578 Regis
919 525 1074 578 Jacobi
1096 525 1299 577 Angliae,
1324 524 1534 564 Franciae
1563 530 1606 563 et
1636 521 1877 562 Hiberniae
1898 520 2009 560 vice-

291 600 403 640 simo
435 607 478 640 et
511 600 688 642 Scotiae
710 598 1078 652 quinquagesimo
1109 604 1240 638 sexto
1266 597 1404 638 factas
1436 604 1480 637 et
1511 609 1742 637 concessas
1775 593 1934 647 Majori
1967 600 2012 634 et

295 673 591 726 Burgensibus
613 672 741 712 villae
769 671 1060 723 Notyngham
1084 671 1126 710 in
1150 671 1257 711 haec
1280 671 1438 711 verba:
1471 670 1718 722 ‘JACOBUS,
1743 667 1827 708 Dei
1849 666 2012 720 gratia:

294 753 371 786 etc.
408 746 609 799 [Vecitc'lzg
644 744 989 797 exemplification
1032 744 1080 795 by
1102 744 1255 798 sames
1286 744 1319 783 I.
1354 744 1408 794 of
1437 742 1621 785 Clmrter
1649 742 1703 793 of
1731 741 1883 792 Hem‘y
1929 739 2012 788 Vl„

294 819 522 867 ‘Records,'
558 819 640 859 Vol.
665 818 818 870 ll.,pp.
848 817 1086 869 186-2081].
2055 818 2073 853 5

382 893 477 932 Nos
519 898 666 931 autem
706 891 856 931 omnia
892 896 935 930 et
971 890 1145 943 singula
1181 889 1458 937 franchesias,
1500 889 1735 933 libertates.
1776 886 2013 941 privilegia,

294 965 573 1019 quietantiaS,
596 964 908 1011 immunitateS,
931 964 1247 1013 concessiones,
1266 962 1622 1004 confirmationes
1651 968 1695 1002 et
1716 960 2014 1001 restitutiones

295 1038 530 1092 praedicta,
556 1044 649 1078 rata
682 1038 896 1078 habentes
930 1043 972 1077 et
1006 1043 1163 1089 grata,2
1186 1036 1274 1089 [ea]
1304 1050 1382 1089 pro
1416 1036 1553 1085 nobis,
1576 1035 1821 1083 heredibus,
1843 1039 1886 1074 et
1919 1046 2014 1073 suc·-

294 1112 537 1152 cessoribus
561 1111 732 1159 nostris,
755 1116 970 1162 quantum
1002 1110 1042 1149 in
1074 1110 1200 1149 nobis
1226 1116 1302 1158 est,
1326 1115 1620 1162 acceptamus,
1643 1108 1951 1161 approbamuS,
1973 1112 2016 1147 et

294 1184 573 1233 ratificamus,
612 1197 660 1223 ac
702 1183 852 1222 omnia
892 1189 935 1223 et
976 1182 1149 1235 singula
1191 1181 1469 1231 franchesias,
1507 1182 1742 1230 libertates,
1778 1179 2016 1233 privilegia,
2040 1190 2078 1213 10

295 1257 572 1310 quietantias,
595 1263 638 1296 et
670 1256 971 1296 immunitates
1004 1256 1229 1308 praedicta
1258 1256 1428 1296 dilectis
1460 1255 1586 1295 nobis
1616 1254 1776 1307 Majori
1805 1260 1848 1294 et
1881 1254 2017 1306 Burg-

294 1331 470 1371 ensibus
507 1330 636 1370 villae
672 1330 934 1382 praedictae,
961 1336 1005 1370 et
1041 1329 1363 1369 successoribus
1400 1329 1500 1378 suis,
1533 1335 1685 1369 tenore
1720 1327 2016 1381 praesentium

294 1404 576 1445 concedimus
617 1409 660 1443 et
701 1401 1026 1451 confirmamus,
1068 1403 1179 1443 sicut
1222 1409 1368 1442 cartae
1409 1402 1660 1454 praedictae
1702 1400 2019 1441 rationabiliter

295 1484 523 1525 testantur,
547 1484 589 1517 et
616 1483 745 1529 prout
768 1477 900 1516 iidem
932 1476 1078 1529 Major
1100 1483 1142 1516 et
1173 1477 1419 1529 Burgenses
1441 1476 1637 1529 ejusdem
1661 1476 1790 1516 villae
1813 1476 2018 1528 Notyng-

294 1551 409 1600 ham,
431 1551 498 1591 vel
532 1550 890 1603 praedecessores
923 1550 999 1598 sui,
1031 1563 1225 1602 unquam
1260 1549 1525 1598 franchesiis,
1556 1549 1842 1598 libertatibus,
1874 1547 2019 1601 privil·
2043 1558 2079 1593 15

295 1626 414 1678 egiis,
438 1624 704 1678 quietantiis,
729 1630 772 1664 et
805 1623 1159 1663 immunitatibus
1192 1624 1427 1676 praedictis
1461 1623 1523 1663 uti
1557 1629 1599 1663 et
1628 1622 1820 1675 gaudere
1845 1621 2020 1669 debent,

296 1705 546 1753 potuerunt,
583 1712 658 1738 seu
695 1697 952 1745 debuerunt,
987 1697 1086 1737 licet
1123 1697 1229 1737 dicti
1273 1696 1418 1749 Major
1458 1703 1501 1736 et
1540 1697 1785 1748 Burgenses
1822 1694 2020 1747 ejusdem

295 1773 424 1813 villae
446 1772 513 1812 vel
541 1771 900 1824 praedecessores
923 1770 987 1809 sui
1012 1769 1277 1818 franchesiis,
1301 1769 1589 1817 libertatibus,
1612 1768 1860 1822 privilegiis,
1882 1768 2021 1821 quiet-

296 1847 437 1895 antiis,
460 1852 504 1887 et
538 1843 918 1885 immunitatibus3
952 1844 1199 1896 praedictis,
1227 1858 1301 1884 seu
1337 1857 1487 1884 eorum
1522 1844 1670 1896 aliquo
1703 1843 1769 1883 vel
1804 1843 2022 1896 aliquibus

295 1920 419 1961 abusi
442 1919 510 1960 vel
535 1932 621 1959 non
646 1918 709 1958 usi
735 1917 904 1958 fuerint.
2043 1931 2085 1954 20

384 1994 586 2045 Cumque
623 1993 775 2032 datum
820 1998 885 2031 est
928 1991 1053 2031 nobis
1096 1991 1280 2044 intelligi
1318 1991 1448 2044 quod,
1487 1997 1723 2043 praetextu
1766 1989 2023 2043 cujusdam4

296 2067 576 2108 instrumenti
600 2067 665 2106 vel
696 2066 846 2118 scripti
878 2066 932 2105 ad
956 2065 1074 2118 quod
1099 2066 1347 2106 Commune
1378 2065 1581 2117 Sigillum
1614 2063 1796 2117 Majoris
1819 2071 1863 2104 et
1886 2064 2022 2116 Burg-

296 2141 466 2181 ensium
509 2140 638 2180 villae
680 2139 932 2192 praedictae
974 2137 1327 2178 combinatione5
1369 2151 1607 2190 paucorum
1651 2137 1849 2190 ejusdem
1895 2136 2024 2177 villae

297 2215 549 2268 appositum
593 2220 635 2253 et
688 2212 872 2252 affixum
917 2211 1068 2260 fuerat,
1110 2211 1301 2264 gerentis
1344 2212 1496 2252 datam
1539 2211 1713 2252 decimo
1754 2217 1912 2251 octavo
1952 2209 2024 2250 die

299 2287 585 2340 Septembris,
609 2299 726 2326 anno
759 2285 879 2338 regni
920 2285 1101 2325 Domini
1140 2284 1285 2326 Caroli
1325 2284 1518 2326 Secundi
1556 2298 1694 2337 nuper
1733 2283 1879 2336 Regis,
1902 2288 2023 2324 ante·
2044 2300 2084 2334 25

297 2361 481 2402 cessoris
504 2360 640 2400 nostri
664 2359 799 2399 felicis
823 2358 1071 2407 memoriae,
1095 2357 1342 2398 tricesimo6
1364 2364 1532 2410 quarto,
1556 2363 1598 2398 et
1621 2357 1662 2396 in
1688 2357 1820 2398 Curia
1843 2356 2024 2398 Cancel-

299 2434 431 2474 lariae
465 2433 662 2486 ejusdem
700 2445 838 2485 nuper
877 2431 1011 2484 Regis
1051 2432 1106 2472 de
1138 2432 1321 2473 recordo
1353 2430 1579 2480 irrotulati,
1602 2429 1903 2483 purportantis
1935 2428 2026 2469 fore

299 2508 629 2549 concessionem
654 2520 729 2559 per
751 2504 973 2558 praefatos
997 2504 1215 2557 Majorem
1235 2511 1277 2545 et
1302 2505 1548 2557 Burgenses
1572 2504 1714 2544 eidem
1739 2517 1878 2556 nuper
1901 2502 2025 2556 Regi,

301 2581 536 2622 heredibus
579 2586 622 2620 et
663 2578 988 2619 successoribus
1029 2578 1129 2626 suis,
1166 2578 1221 2618 de
1262 2577 1469 2617 omnibus
1505 2583 1548 2617 et
1589 2577 1772 2630 singulis
1810 2575 2026 2624 maneriis,

302 2653 571 2706 messuagiis,
595 2652 729 2700 terris,
753 2651 1028 2700 tenementis,
1052 2650 1307 2699 redditibus,
1330 2656 1373 2690 et
1405 2650 1777 2699 hereditamentis,
1800 2663 1898 2690 cum
1931 2662 2026 2702 per·
2046 2668 2088 2700 30

302 2727 499 2769 tinentiis
521 2726 868 2779 quibuscunque,
891 2726 956 2773 de,
980 2724 1047 2764 vel
1071 2724 1113 2763 in
1137 2723 1295 2776 quibus
1317 2723 1422 2764 dicti
1453 2723 1599 2776 Major
1621 2729 1664 2764 et
1694 2724 1941 2776 Burgenses
1970 2723 2025 2764 ad

302 2808 406 2842 tunc
438 2800 505 2841 vel
539 2799 594 2839 ad
628 2798 805 2850 aliquod
838 2804 1013 2850 tempus
1046 2803 1148 2837 ante
1185 2803 1289 2837 tunc
1322 2796 1496 2837 fuerunt
1527 2796 1675 2849 aliquo
1708 2797 1842 2837 modo
1877 2795 2026 2845 seisiti,

302 2872 628 2927 possessionati‚
651 2871 718 2911 vel
752 2870 998 2910 interessati
1032 2870 1073 2909 in
1103 2869 1199 2922 jure
1228 2869 1592 2922 incorporationis
1624 2882 1729 2909 suae
1756 2868 1824 2909 vel
1856 2868 2026 2922 capaci-

303 2955 395 2989 tate
416 2961 495 2988 sua
523 2947 802 2998 incorporata
829 2943 1045 2996 aliquibus
1075 2943 1218 2983 modis
1240 2943 1575 2995 quibuscunque
1597 2956 1646 2982 ac
1669 2942 1801 2983 etiam
1825 2947 2026 2995 purport-

304 3021 418 3061 antis
436 3019 527 3060 fore
544 3017 873 3058 concessionem
897 3022 940 3056 et
962 3029 1132 3056 sursum
1151 3015 1443 3055 redditionem
1467 3028 1543 3067 per
1564 3013 1785 3068 praefatos
1808 3014 2025 3067 Majorem
2047 3033 2086 3066 35

304 3100 347 3134 et
370 3094 617 3145 Burgenses
640 3090 784 3130 eidem
807 3101 946 3141 nuper
970 3088 1081 3140 Regi
1105 3089 1159 3128 de
1181 3088 1385 3128 omnibus
1408 3087 1674 3137 franchesiis,
1697 3088 1870 3136 chartis,
1893 3088 2027 3128 literis

305 3166 559 3220 patentibus
600 3162 977 3216 incorporationis,
1012 3162 1317 3215 potestatibus,
1355 3161 1641 3212 libertatibus,
1675 3168 1718 3202 et
1755 3161 2027 3203 immunitat-

372 3278 381 3292 1
405 3274 478 3305 The
494 3273 656 3304 reference
673 3271 699 3302 is
720 3277 754 3302 to
771 3270 825 3301 the
842 3270 979 3301 charter.
1028 3269 1101 3301 The
1232 3269 1287 3301 the
1303 3269 1451 3307 Records,
1471 3269 1528 3300 but
1549 3269 1576 3300 is
1597 3268 1751 3300 included
1772 3268 1804 3300 in
1827 3269 1881 3300 the
1898 3268 2028 3300 volume

306 3326 583 3369 exemplification
614 3325 704 3356 itself
730 3334 797 3355 was
826 3329 884 3355 not
911 3323 1041 3365 printed
1068 3322 1101 3354 in
1232 3323 1269 3355 of
1291 3322 1483 3355 ‘Charters⁷
1501 3324 1568 3360 (see
1587 3323 1650 3353 No.
1671 3322 1835 3361 ΧΧΙΙΙ.).
