2164 3804
328 387 384 437 48
587 395 808 430 RECORDS
840 397 902 430 OF
934 398 1034 429 THE
1067 397 1304 431 BOROUGH
1337 398 1398 431 OF
1431 398 1781 432 NOTTINGHAM.
1922 392 2052 446 [1682

327 518 649 559 successoribus
672 520 833 569 nostris,
856 521 1138 561 concedimus
1161 527 1204 563 et
1226 522 1493 571 ordinamus,
1516 522 1634 575 quod
1657 523 1713 563 de
1735 529 1875 565 cetero
1897 523 2053 577 imper-

327 598 507 644 petuum
537 592 592 633 sit
621 599 664 634 et
694 594 774 634 erit
803 594 914 634 infra
936 594 1084 635 villam
1115 595 1381 648 praedictam
1404 608 1516 635 unus
1539 596 1594 635 de
1616 596 1757 649 magis
1780 596 2053 650 probioribus

326 671 369 706 et
391 666 717 707 discretioribus
742 668 1038 721 Burgensibus
1059 668 1189 709 villae
1211 669 1469 722 praedictae,
1492 669 1534 709 in
1558 668 1699 710 sorma
1721 669 1899 711 inferius
1921 671 1963 711 in
1987 671 2053 711 his

325 740 624 792 praesentibus
658 741 937 782 mentionata
969 742 1209 794 eligendus,
1241 743 1315 795 qui
1347 743 1428 784 erit
1460 749 1503 783 et
1536 743 1837 785 nominabitur
1869 745 2052 798 ‘Major'

324 813 453 853 villae
484 814 757 866 praedictae;
790 816 994 868 quodque
1025 815 1225 856 similiter
1256 816 1344 857 sint
1375 823 1419 857 et
1448 824 1598 858 erunt1
1629 817 1740 858 infra
1761 818 1909 859 villam
1933 832 2051 872 prae·
2094 823 2110 859 5

324 887 488 928 dictam
526 888 582 928 de
618 895 818 942 tempore
854 889 896 929 in
935 896 1111 943 tempus
1147 903 1228 930 sex
1272 890 1519 943 Burgenses
1555 890 1685 931 villae
1726 892 1973 944 praedictae
2008 899 2052 934 et

323 961 534 1002 continuo
556 961 852 1003 inhabitantes
872 969 915 1004 et
937 970 1258 1004 commorantes
1279 964 1391 1004 infra
1412 964 1560 1005 villam
1584 964 1862 1017 praedictam,
1885 972 2053 1019 praeter

325 1034 540 1088 Majorem
583 1036 712 1077 villae
758 1037 1016 1090 praedictae,
1058 1037 1101 1077 in
1145 1037 1287 1078 forma
1328 1037 1506 1078 inferius
1547 1038 1589 1078 in
1632 1039 1698 1079 his
1750 1040 2050 1092 praesentibus

322 1113 590 1154 mentionata
620 1114 825 1167 eligendi,
847 1115 921 1168 qui
951 1121 1100 1156 erunt1
1124 1121 1167 1156 et
1190 1114 1539 1156 nominabuntur
1571 1114 1898 1156 ‘Aldermanni’
1920 1115 2050 1156 villae

321 1187 568 1239 praedictae
586 1202 594 1238 ;
627 1189 824 1241 quodque
854 1189 1049 1230 similiter
1079 1190 1135 1230 de
1166 1195 1308 1230 cetero
1339 1188 1655 1242 imperpetuum
1694 1189 1782 1230 sint
1817 1195 1861 1230 et
1897 1195 2047 1231 erunt1
2072 1197 2110 1221 ¹0

320 1260 431 1301 infra
453 1261 601 1301 villam
631 1262 897 1314 praedictam
927 1263 982 1303 de
1010 1269 1209 1316 tempore
1238 1263 1280 1303 in
1303 1268 1480 1316 tempus
1502 1263 1778 1304 octodecim²
1801 1263 2048 1317 Burgenses

319 1335 448 1375 villae
498 1336 754 1389 praedictae,
791 1350 841 1377 ac
887 1337 1098 1378 continuo
1145 1337 1439 1378 inhabitantes
1485 1343 1528 1378 et
1574 1343 1896 1378 commorantes
1936 1336 2049 1378 infra

319 1410 504 1450 candem
542 1410 703 1461 villam,
746 1411 788 1451 in
832 1410 972 1452 forma
1014 1411 1191 1452 inferius
1233 1412 1275 1452 in
1318 1412 1385 1452 his
1427 1412 1727 1465 praesentibus
1769 1413 2047 1454 mentionata

317 1484 523 1537 eligendi,
560 1485 633 1538 qui
672 1491 798 1526 erunt
840 1492 883 1526 et
925 1485 1273 1526 nominabuntur
1316 1486 1564 1539 ‘Capitales
1608 1485 1882 1528 Consiliarii3
1917 1486 2047 1528 villae

316 1558 588 1610 praedictae3
625 1559 822 1611 quodque
853 1558 1052 1600 similiter
1083 1560 1138 1600 de
1170 1566 1316 1601 cetero
1348 1560 1666 1614 imperpetuum
1698 1560 1786 1602 sint
1818 1567 1862 1602 et
1893 1568 2104 1603 erunt115

313 1631 424 1673 infra
455 1632 603 1673 villam
641 1633 908 1686 praedictam
945 1634 1001 1674 de
1037 1640 1237 1687 tempore
1273 1634 1315 1675 in
1353 1641 1529 1688 tempus
1566 1648 1646 1675 sex
1683 1634 1755 1675 alii
1795 1635 2043 1689 Burgenses

311 1707 439 1747 villae
490 1707 737 1760 praedictae
778 1721 827 1747 ac
869 1707 1081 1748 continuo
1132 1708 1426 1749 inhabitantes
1468 1715 1511 1750 et
1553 1716 1879 1751 commorantes
1931 1709 2044 1751 infra

311 1782 498 1822 eandem
535 1781 695 1831 villam,
737 1781 779 1821 in
823 1781 963 1822 forma
1005 1781 1182 1823 inferius
1224 1782 1266 1822 in
1309 1782 1375 1822 his
1418 1783 1718 1836 praesentibus
1762 1783 2042 1824 mentionata

310 1855 512 1908 eligendi,
545 1855 618 1908 qui
652 1861 777 1896 erunt
810 1861 852 1896 et
885 1855 1233 1896 nominabuntur
1275 1856 1562 1898 ‘Consiliarii'
1600 1856 1730 1897 villae
1766 1857 2041 1910 praedictae:

310 1931 383 1984 qui
421 1930 599 1984 quidem
639 1929 795 1982 Major,
827 1929 1125 1979 Aldermaimi,
1160 1930 1407 1971 octodecim
1447 1930 1673 1983 Capitales
1712 1930 1959 1972 Consiliarii
1997 1937 2040 1972 et
2059 1945 2102 1968 20

310 2005 525 2057 praedicti
552 2018 632 2045 sex
666 2004 925 2053 Consiliarii,
958 2010 1002 2045 et
1034 2017 1306 2044 successores
1338 2004 1414 2054 sui,
1447 2010 1575 2045 erunt
1607 2011 1650 2045 et
1679 2004 1955 2046 vocabuntur
1985 2005 2040 2045 de

308 2084 449 2119 cetero
471 2078 794 2131 imperpetuum
827 2079 1098 2119 ‘Commune
1122 2077 1383 2120 Consilium’
1407 2077 1537 2118 villae
1559 2078 1814 2131 praedictae.

398 2153 455 2194 Et
492 2153 667 2194 ulterius
703 2152 906 2193 volumus
943 2166 992 2192 ac
1030 2166 1109 2206 per
1142 2159 1391 2206 praesentes
1428 2166 1506 2206 pro
1542 2152 1681 2202 nobis,
1717 2152 1953 2194 heredibus
1995 2159 2039 2194 et

306 2228 629 2268 successoribus
662 2227 824 2277 nostris,
857 2226 1064 2280 praefatis
1102 2226 1273 2280 Majori,
1305 2226 1626 2276 Aldermannis,
1660 2233 1704 2268 et
1739 2227 2038 2280 Burgensibus

306 2303 436 2344 villae
471 2303 725 2355 praedictae,
758 2308 801 2343 et
838 2301 1162 2342 successoribus
1199 2302 1298 2351 suis,
1332 2301 1616 2342 concedimus
1653 2301 1766 2354 quod
1804 2302 1860 2342 de
1896 2308 2037 2342 cetero
2056 2317 2096 2352 25

305 2377 621 2430 imperpetuum
664 2377 751 2417 sint
793 2382 837 2416 et
878 2382 1004 2416 erunt
1046 2375 1088 2415 in
1127 2375 1229 2416 villa
1271 2375 1494 2428 praedicta
1535 2376 1624 2416 duo
1660 2375 1738 2416 viri
1781 2375 1956 2416 discreti
1993 2381 2037 2417 et

305 2450 489 2499 honesti,
532 2451 573 2490 in
617 2449 758 2490 forma
800 2449 842 2489 in
886 2448 1188 2502 praesentibus
1229 2448 1406 2489 inferius
1458 2447 1706 2502 specificata
1757 2448 1955 2501 eligendi
1992 2455 2035 2490 et

305 2525 578 2574 nominandi,
611 2525 685 2577 qui
723 2530 850 2565 erunt
887 2530 930 2564 et
962 2523 1239 2564 vocabuntur
1280 2523 1562 2566 ‘Camerarii'
1594 2523 1726 2564 villae
1761 2523 2036 2576 praedictae:

305 2604 378 2656 qui
401 2603 579 2656 quidem
604 2602 838 2644 Camerarii
868 2601 1015 2641 omnia
1037 2607 1080 2642 et
1109 2600 1368 2641 omnimoda
1391 2600 1567 2649 reditus,
1590 2612 1785 2639 summas
1816 2605 2033 2648 monetae,

303 2678 422 2727 fines,
455 2677 810 2724 amerciamenta,
843 2674 1133 2724 reventiones,
1167 2673 1369 2727 proficua,
1404 2673 1755 2721 commoditates,
1789 2678 1833 2713 et
1867 2672 2032 2713 emolu·
2053 2689 2094 2721 30

304 2759 453 2793 menta
490 2763 775 2804 quaecunque
812 2749 867 2789 ad
911 2748 1134 2802 Majorem,
1167 2747 1500 2796 Aldermannos,
1533 2753 1576 2787 et
1619 2746 1866 2798 Burgenses
1902 2745 2033 2786 villae

301 2825 555 2879 praedictae,
589 2831 633 2865 et
666 2836 939 2864 successores
974 2836 1087 2872 suos,
1118 2822 1214 2875 jure
1245 2821 1375 2862 villae
1408 2821 1654 2875 praedictae
1685 2833 1864 2873 quoquo
1897 2820 2032 2860 modo

301 2899 549 2953 spectantia
580 2899 670 2939 sive
702 2897 969 2951 pertinentia
990 2897 1167 2937 valeant
1196 2902 1241 2937 et
1269 2896 1442 2949 possint
1470 2896 1526 2936 de
1553 2901 1754 2948 tempore
1782 2895 1825 2935 in
1855 2900 2031 2948 tempus

300 2974 504 3026 colligere
535 2979 578 3013 et
610 2972 812 3025 recipere,
836 2978 878 3012 et
911 2985 988 3024 pro
1019 2970 1186 3011 eisdem
1218 2970 1261 3010 in
1295 2970 1391 3022 lege
1422 2968 1646 3022 postulare
1677 2975 1720 3009 et
1749 2981 1957 3022 recupare
1985 2968 2028 3009 in

300 3048 478 3088 nomine
495 3055 538 3087 et
561 3047 615 3086 ad
640 3059 764 3086 usum
787 3045 1005 3085 dictorum
1029 3044 1225 3096 Majoris,
1243 3043 1645 3083 Aldermanuorum
1669 3047 1711 3082 et
1736 3041 2028 3094 Burgensium
2048 3060 2088 3095 35

299 3122 429 3162 villae
460 3120 715 3173 praedictae,
738 3125 781 3159 et
813 3119 855 3158 in
888 3131 1063 3158 camera
1085 3117 1214 3158 villae
1246 3116 1491 3170 praedictae
1523 3128 1783 3156 conservare
1814 3115 1869 3155 ad
1902 3128 2027 3155 usum

366 3246 374 3260 ¹
398 3242 525 3281 erunt,]
545 3240 672 3279 ‘erint‚’
691 3240 764 3273 MS.
1231 3244 1298 3271 out.
1347 3238 1420 3269 The
1443 3237 1655 3269 substitution
1679 3236 1716 3267 of
1735 3247 1749 3268 s
1766 3237 1815 3267 for
1838 3247 1855 3268 c
1876 3237 1903 3268 is
1926 3236 1969 3278 by
1985 3247 2028 3268 no

363 3300 375 3315 ²
398 3296 592 3334 octodecim,]
611 3293 842 3331 ‘octodece1n‚’
860 3293 934 3326 MS.
1231 3303 1343 3324 means
1366 3293 1515 3324 unusual.
1566 3292 1638 3329 See,
1666 3292 1715 3323 sor
1738 3292 1896 3330 instance,
1915 3302 2026 3323 senam

363 3355 376 3375 3
400 3351 645 3384 Consiliariisor
658 3350 854 3383 Conciliarii.
883 3349 927 3383 So
940 3349 1094 3390 through·
1231 3348 1280 3379 sor
1294 3357 1417 3386 cenam,
1440 3346 1586 3385 Ruords,
1604 3346 1680 3379 Vol.
1703 3346 1784 3384 ΙΙΙ.,
1804 3356 1835 3388 p.
1857 3354 1908 3386 32.
