2164 3804
292 393 345 436 50
547 392 768 426 REcoRDs
800 391 862 425 OF
893 389 995 423 THE
1027 389 1265 423 BOROUGH
1298 387 1359 420 oF
1393 386 1743 419 NOTTINGHAM.
1882 376 2012 430 [1682

289 515 600 568 praedictorum
634 514 830 568 Majoris,
853 513 1253 554 Aldermannorum
1276 516 1320 551 et
1350 508 1642 562 Burgensium
1665 507 1794 549 villae
1817 507 1941 556 illius,
1964 520 2014 547 ac

289 589 362 629 illa
403 589 463 629 sic
505 595 683 641 recepta
723 594 766 628 et
807 591 1067 627 conservata
1109 585 1163 625 ad
1207 584 1467 624 mandatum
1509 589 1552 623 et
1594 580 2014 635 appunctuationem

290 662 484 714 Majoris,
521 661 926 702 Aldermannorum
963 666 1007 700 et
1045 658 1336 711 Burgensium
1373 656 1503 697 villae
1544 656 1657 696 illius
1699 669 1776 708 pro
1816 662 2015 708 tempore

288 735 585 785 existentium,
622 735 689 775 vel
728 734 905 787 majoris
943 732 1079 786 partis
1117 731 1355 772 eorundem
1393 730 1595 783 (quorum
1639 729 1850 782 Majorene
1887 728 2016 768 villae

289 810 533 863 praedictae
568 823 645 862 pro
681 815 880 861 tempore
917 807 1178 848 existentem
1215 818 1349 845 unum
1387 817 1482 844 esse
1515 802 1748 855 volumus),
1783 802 2016 855 disponere
2057 804 2074 840 5

289 890 332 924 et
355 884 588 936 assignare.

377 958 435 998 Et
467 971 544 1010 pro
576 956 743 997 meliori
777 955 1043 996 executione
1075 953 1320 994 voluntatis
1355 958 1398 993 et
1444 950 1740 992 concessionis
1774 956 1941 990 nostrae
1973 950 2015 990 in

287 1031 368 1071 hac
406 1037 547 1084 parte,
586 1030 918 1083 assignavimuS,
955 1027 1292 1076 nominavimus,
1329 1026 1585 1074 creavimus,
1619 1024 1939 1073 constituimus,
1974 1030 2018 1065 et

288 1104 481 1154 fecimus,
523 1118 572 1144 ac
615 1118 694 1157 per
731 1108 982 1156 praesentes
1034 1115 1111 1155 pro
1153 1101 1290 1148 nobis,
1333 1099 1567 1140 heredibus
1609 1105 1652 1139 et
1693 1097 2017 1138 successoribus

287 1178 449 1228 nostris,
491 1178 781 1231 assignamus,
823 1176 1113 1224 nominamus,
1151 1187 1361 1223 creamuS,
1398 1172 1707 1214 constituimus
1749 1177 1792 1212 et
1834 1170 2017 1211 facimus
2040 1180 2079 1203 10

287 1252 490 1294 dilectum
521 1252 648 1292 nobis
680 1250 937 1293 Gervasium
962 1249 1136 1303 XVylde,
1160 1248 1431 1300 armigerum,
1455 1246 1546 1286 fore
1574 1252 1618 1286 et
1646 1258 1741 1285 esse
1764 1244 1952 1298 primum
1975 1251 2018 1286 et

288 1327 548 1367 modernum
582 1325 793 1378 Majorem
816 1324 947 1365 villae
975 1323 1229 1376 praedictae,
1253 1321 1601 1362 continuandum
1625 1320 1666 1359 in
1690 1320 1846 1360 eodem
1877 1319 2019 1360 officio

288 1415 312 1442 a
349 1401 455 1442 data
492 1400 786 1453 praesentium
824 1412 958 1451 usqne
995 1399 1049 1438 ad
1088 1397 1247 1438 festum
1287 1397 1437 1439 Sancti
1482 1395 1711 1436 Michaelis
1748 1395 2018 1448 Archangeli

287 1474 487 1528 proxime
523 1473 728 1522 futurum,
766 1479 809 1514 et
847 1472 1008 1513 abinde
1045 1484 1270 1524 quousque
1306 1470 1415 1510 alius
1452 1470 1507 1510 de
1544 1469 1853 1510 Aldermannis
1889 1470 2019 1511 villae

287 1549 532 1602 praedictae
568 1549 622 1589 ad
661 1547 855 1589 officium
900 1546 1084 1600 Majoris
1121 1546 1250 1586 villae
1287 1545 1411 1594 illius,
1449 1544 1582 1598 juxta
1618 1544 1938 1586 ordinationem
1975 1551 2078 1587 et15

287 1627 573 1681 provisionem
611 1627 653 1666 in
691 1626 757 1666 his
794 1624 1096 1679 praesentibus
1131 1622 1309 1663 inferius
1343 1635 1600 1675 expressam
1636 1628 1680 1662 et
1713 1620 2018 1674 specificatam,

286 1700 534 1755 praefectus
555 1707 597 1741 et
623 1700 796 1753 juratus
819 1699 958 1748 fuerit,
982 1698 1016 1738 si
1041 1698 1157 1738 idem
1183 1696 1419 1738 Gervasius
1441 1695 1605 1749 Wylde
1634 1701 1725 1736 tam
1749 1695 1823 1736 diu
1847 1695 2018 1737 vixerit.

376 1776 435 1816 Et
458 1774 634 1816 ulterius
657 1773 871 1822 volumus,
890 1786 939 1813 ac
962 1786 1041 1826 per
1061 1777 1309 1825 praesentes
1332 1783 1409 1823 pro
1432 1769 1568 1818 nobis,
1592 1769 1834 1819 heredibus,
1858 1775 1902 1810 et
1923 1783 2018 1810 suc-

287 1849 531 1890 cessoribus
555 1849 716 1897 nastris,
740 1847 1026 1889 concedimus
1049 1846 1256 1900 praefatis
1278 1845 1450 1898 Majori,
1474 1844 1784 1885 Aldermannis
1807 1852 1850 1887 et
1881 1846 2017 1899 Burg-

288 1923 466 1963 ensibns
500 1922 629 1963 villae
663 1922 918 1975 praedictae,
953 1927 997 1962 et
1033 1920 1357 1961 successoribus
1390 1919 1489 1968 suis,
1522 1920 1634 1972 quad
1674 1919 1830 1973 Major,
1862 1920 2016 1961 Alder-
2036 1926 2078 1950 20

288 1997 448 2046 manni,
473 1995 694 2049 Capitales
725 1995 987 2044 Consiliarii,
1015 2001 1057 2035 et
1088 1994 1345 2036 Consiliarii
1369 1993 1547 2034 inferius
1578 1994 1855 2044 mentionati,
1879 2001 1922 2036 et
1950 2001 2018 2036 tot

289 2072 344 2111 de
367 2071 417 2111 iis
442 2070 741 2123 Burgensibns
759 2070 832 2123 qui
856 2069 1003 2109 officia
1022 2068 1347 2109 Vicecomitum
1366 2068 1433 2108 vel
1458 2068 1821 2118 Camerariornm,
1840 2068 2018 2110 inferius

289 2145 422 2186 etiam
447 2144 737 2193 mentionata,
760 2143 870 2184 infra
893 2143 1080 2184 eandem
1103 2142 1252 2183 villam
1282 2149 1482 2195 tempore
1510 2141 1766 2195 hujusmodi
1793 2142 2019 2184 electionis

291 2224 449 2272 gerunt
486 2225 529 2259 et
565 2218 766 2267 subeunt,
804 2217 871 2258 vel
909 2217 964 2258 ad
1002 2217 1180 2270 aliquod
1218 2223 1393 2270 tempus
1430 2223 1665 2269 praeantea
1700 2217 1940 2269 gessissent
1976 2223 2020 2258 et

291 2292 538 2341 subiissent,
569 2292 659 2332 sive
692 2291 833 2345 major
864 2305 963 2344 pars
996 2291 1236 2331 eorundem
1259 2290 1463 2344 (quorum
1498 2290 1708 2344 Majorem
1741 2291 1870 2331 villae
1901 2305 2019 2344 prae·
2040 2298 2080 2334 25

291 2366 432 2406 dictae
466 2379 543 2418 pro
576 2372 776 2419 tempore
811 2366 1070 2407 existentem
1105 2378 1239 2405 unum
1274 2378 1368 2405 esse
1401 2364 1634 2417 volumus),
1657 2366 1712 2405 de
1746 2371 1945 2418 ternpore
1977 2366 2019 2406 in

291 2446 478 2493 tempuS,
520 2439 746 2492 perpetuis
789 2439 943 2480 futuris
985 2439 1269 2492 temporibus,
1312 2444 1578 2491 potestatem
1622 2445 1665 2479 et
1706 2439 2019 2480 authoritatem

292 2513 482 2553 habeant
503 2519 546 2553 et
568 2513 790 2554 habebunt
813 2513 1041 2554 annuatim
1066 2519 1108 2553 et
1131 2512 1328 2565 quolibet
1350 2525 1467 2552 anno
1489 2512 1820 2566 imperpetuum,
1843 2513 1885 2553 in
1909 2513 2022 2554 festo

296 2586 447 2629 Sancti
472 2587 703 2627 Michaelis
721 2586 1001 2639 Archangeli,
1020 2586 1218 2639 eligendi
1236 2592 1279 2627 et
1301 2586 1574 2636 nominandi,
1592 2593 1634 2627 et
1652 2587 1770 2640 quod
1794 2586 2022 2628 nominare

294 2667 337 2701 et
371 2660 531 2713 eligere
567 2661 737 2713 possint
771 2667 814 2702 et
848 2661 1035 2710 valeant,
1058 2674 1192 2700 unum
1227 2660 1410 2713 probum
1445 2666 1489 2701 et
1523 2661 1758 2702 discretum
1792 2661 1932 2701 virum
1967 2662 2022 2702 de
2041 2669 2083 2702 30

294 2733 604 2774 Aldernzannis
622 2734 752 2775 villae
774 2734 1018 2787 praedictae
1039 2748 1117 2787 pro
1138 2740 1338 2787 tempore
1360 2734 1659 2784 existentibus,
1678 2735 1751 2788 qui
1774 2735 1854 2776 erit
1878 2734 2023 2788 Major

296 2806 424 2848 villae
457 2807 701 2860 praedictae
733 2821 758 2848 a
790 2807 902 2848 festo
936 2807 1087 2850 Sancti
1121 2807 1351 2848 Michaelis
1384 2807 1652 2861 Archangeli
1686 2814 1790 2849 tunc
1824 2808 2023 2862 proximo

294 2880 519 2934 sequenti1
553 2895 630 2934 pro
659 2895 747 2922 uno
769 2895 887 2922 anno
913 2881 1086 2934 integro
1107 2888 1273 2922 extunc
1302 2882 1502 2934 proximo
1523 2882 1729 2935 sequenti
1753 2883 2021 2936 praedictum

296 2954 454 2995 festum
490 2954 641 2996 Sancti
677 2954 908 2995 Michaelis
942 2954 1221 3008 Archangeli,
1245 2961 1288 2996 et
1322 2955 1483 2996 abinde
1509 2969 1734 3009 quousque
1766 2970 1878 2998 unus
1912 2957 2024 2998 alins

296 3028 352 3068 de
373 3027 682 3068 Aldermannis
705 3028 834 3068 villae
856 3028 1101 3081 praedictae
1122 3029 1177 3069 ad
1200 3028 1391 3069 officium
1415 3029 1521 3070 illud
1545 3029 1709 3070 electus
1730 3030 1786 3071 sit
1807 3036 1851 3071 et
1873 3031 2023 3071 debito
2042 3039 2082 3075 35

298 3102 432 3142 modo
450 3101 622 3155 juratus
643 3101 797 3151 fuerit;
827 3102 1026 3154 quodque
1047 3101 1118 3142 ille
1141 3101 1252 3155 [qui]
1275 3102 1346 3152 sic,
1370 3108 1417 3143 ut
1439 3102 1686 3156 praefertur,
1710 3104 1960 3144 nominatus
1980 3110 2024 3145 et

298 3175 463 3215 electus
483 3174 611 3216 fuerit
633 3175 676 3215 in
699 3174 841 3215 officia
864 3175 1046 3228 Majoris
1069 3175 1194 3216 villae
1215 3176 1467 3229 praedictae,
1491 3183 1728 3230 antequam
1751 3177 1806 3217 ad
1830 3177 2022 3218 officinm

296 3248 409 3288 illua'
434 3248 696 3289 admittatur
727 3249 1049 3301 exequendum,
1079 3256 1403 3290 sacramentnm
1435 3250 1657 3303 corporale
1688 3251 1730 3290 in
1759 3250 1879 3291 dicto
1911 3250 2024 3291 festo

300 3321 450 3365 Sancti
494 3321 725 3365 Michaelis
768 3321 1048 3374 Archangeli,
1091 3335 1237 3362 coram
1281 3322 1453 3378 Majore
1494 3323 1624 3365 villae
1664 3323 1917 3378 praedictae,
1954 3323 2022 3364 vel
