2164 3804
275 403 332 444 94
532 399 754 433 macomus
785 399 847 433 OF
879 399 980 432 THE
1011 397 1249 431 BOROUGH
1281 395 1343 430 oF
1376 394 1725 429 NOTTINGHAM.
1863 384 1994 439 [1692

277 521 470 575 alicujus,
492 521 559 562 vel
583 521 765 562 aliarum
789 527 1018 570 cartarum,
1040 518 1383 567 concessionum,
1406 523 1481 557 aut
1506 516 1727 557 literarum
1751 515 1996 569 patentium

277 608 654 649 quarumcumque
695 608 771 647 per
806 594 996 647 aliquem
1034 592 1363 646 progenitorum
1402 596 1477 630 aut
1518 595 1842 630 antecessorum
1880 595 1997 629 nost-

278 681 423 709 rorum
452 681 591 721 nuper
621 668 795 720 Regum
817 666 885 707 vel
918 666 1187 718 Reginarum
1217 664 1410 716 Angliae
1432 662 1748 716 quoquomodo
1774 661 1999 711 factarum,

278 754 595 790 concessarum,
618 754 693 781 seu
716 739 1072 780 confirmatarum
1099 745 1201 779 ante
1223 739 1389 778 dictum
1413 736 1632 776 decimum
1655 741 1860 776 octavum
1882 735 1998 775 diem

281 814 564 867 Septembris,
588 827 704 854 anno
738 813 858 865 regni
893 812 998 853 dicti
1032 825 1170 865 nuper
1205 811 1340 863 Regis
1376 809 1520 852 Caroli
1556 808 1747 851 Secundi
1781 807 2001 849 tricesimo
2042 811 2060 846 5

279 894 447 940 quarm,
470 894 544 928 aut
567 899 831 940 quocunque
853 886 938 926 alio
960 885 1088 938 legali
1112 885 1257 933 modo,
1277 884 1382 937 jure,
1406 883 1496 923 sive
1518 882 1656 931 titulo,
1674 881 2002 930 consuetudine,

280 973 371 1009 usu,
408 960 498 1000 sive
539 960 882 1013 praescriptione
924 965 1025 1000 ante
1062 959 1212 999 datam
1256 957 1551 1011 praesentium
1595 955 1790 1008 legitime
1830 955 2002 1005 usitata,

281 1033 443 1083 habita,
466 1039 685 1081 consueta,
709 1033 799 1073 sive
821 1032 980 1085 gavisa.

371 1107 572 1159 Cumque
589 1107 742 1147 datum
766 1106 820 1146 sit
843 1105 970 1146 nobis
993 1105 1188 1158 intelligi,
1203 1105 1321 1157 quod
1340 1104 1558 1157 quaedam
1582 1115 1794 1155 personae
1816 1101 2003 1142 inhabit-

282 1186 406 1220 antes
439 1180 689 1233 praedictae
721 1179 848 1219 villae
881 1186 923 1219 et
960 1179 1085 1231 burgi
1117 1179 1172 1218 de
1208 1177 1497 1230 Notyngham
1535 1182 1634 1229 post
1671 1182 1846 1228 tempus
1883 1188 2004 1227 prae·
2028 1182 2066 1205 10

282 1254 427 1294 dictae
449 1259 706 1306 praetensae
727 1265 897 1292 sursum
922 1251 1190 1300 redditionis,
1213 1250 1498 1303 suscipientes
1521 1263 1650 1303 super
1670 1263 1716 1289 se
1739 1248 1828 1289 fore
1849 1262 2005 1302 corpus

282 1335 561 1381 corporatum
604 1342 681 1381 per
722 1341 881 1368 nomen
925 1327 1143 1381 ‘Majoris,
1179 1327 1597 1375 Aldermannorum,
1635 1333 1677 1367 et
1716 1326 2005 1379 Burgensium

282 1402 410 1442 villae
450 1402 505 1442 de
548 1401 838 1454 Notyngham
881 1401 923 1441 in
968 1401 1193 1442 Comitatu
1235 1400 1431 1453 ejusdem
1473 1399 1624 1448 villae,’
1656 1405 1889 1452 praetextu
1931 1412 2005 1439 seu

282 1474 426 1515 colore
466 1475 767 1527 quarundam1
810 1474 1032 1514 literarum
1084 1474 1331 1527 patentium
1380 1487 1455 1527 per
1496 1473 1638 1513 dictos
1680 1486 1819 1526 nuper
1861 1473 2007 1525 Reges

284 1548 489 1590 Carolum
529 1548 782 1590 Secundum
821 1554 863 1588 et
898 1547 1115 1600 Jacobum
1155 1548 1436 1589 Secundum2
1473 1546 1782 1596 confectarum,
1815 1546 2007 1587 diversas
2031 1551 2067 1587 15

284 1621 561 1662 dimissiones
594 1620 660 1661 vel
696 1627 949 1674 praetensas
983 1621 1260 1661 dimissiones
1294 1620 1474 1661 diversis
1509 1620 1705 1673 personis
1739 1619 2007 1661 diversarum

284 1702 508 1745 terrarum,
531 1702 894 1743 tenementarum,
918 1702 960 1735 et
983 1695 1432 1735 hereditamentorum
1464 1694 1623 1747 Majori
1646 1701 1689 1735 et
1713 1694 2009 1747 Burgensibus

285 1768 414 1809 villae
435 1768 490 1808 de
522 1768 813 1821 Notyngham
844 1776 1043 1821 tempore
1073 1769 1323 1821 praedictae
1352 1775 1609 1822 praetensae
1638 1782 1809 1809 sursum
1832 1769 2009 1810 redditi-

285 1842 380 1882 onis
416 1842 711 1895 spectantium
748 1848 791 1882 et
833 1842 1144 1894 pertinentium
1183 1842 1387 1891 fecerunt,
1425 1849 1467 1883 et
1503 1843 1696 1883 diversas
1732 1842 2009 1883 denariorum

285 1928 480 1956 summas
513 1922 747 1968 praetextu
774 1915 990 1956 dictarum
1023 1915 1328 1956 dimissionum
1362 1916 1427 1957 vel
1461 1924 1791 1969 praetensarum
1823 1916 2011 1956 dimissi-
2030 1924 2073 1948 20

286 2002 420 2029 onum
458 1989 705 2029 habuerunt
743 1995 785 2029 et
818 1996 1100 2042 1·eceperunt;
1137 1996 1179 2030 et
1217 1990 1320 2043 quia
1356 1990 1570 2039 nolumus,
1603 1991 1721 2043 quod
1759 1990 2012 2043 hujusmodi

286 2076 510 2116 personae,
545 2061 704 2115 quibus
738 2061 847 2102 tales
881 2062 1159 2102 dimissiones
1193 2063 1258 2103 vel
1297 2070 1553 2116 praetensae
1585 2063 1863 2104 dimissiones
1896 2063 2013 2104 bona

287 2136 373 2177 fide
395 2143 437 2177 ct
459 2149 537 2189 pro
560 2135 765 2176 valuabili
789 2136 1139 2177 consideratione
1162 2135 1303 2177 factae
1326 2135 1508 2185 fuerant,
1526 2137 1581 2176 de
1603 2136 1854 2189 hujusmodi
1879 2135 2012 2176 firmis

287 2209 374 2250 suis
397 2209 642 2262 aliqualiter
663 2209 878 2262 deprivari
901 2223 975 2250 seu
999 2208 1226 2258 frustra1·i,3
1247 2210 1302 2250 de
1325 2210 1465 2262 gratia
1495 2216 1642 2250 nostra
1669 2209 1858 2263 speciali,
1881 2222 1930 2249 ac
1953 2223 2010 2250 ex

288 2291 406 2325 certa
428 2284 610 2324 scientia
631 2290 673 2324 ct
697 2297 816 2324 mero
840 2290 961 2324 motu
992 2284 1161 2333 nostris,
1184 2284 1480 2324 concessimus
1503 2290 1545 2324 et
1575 2283 1940 2332 confirmavimus,
1963 2297 2012 2324 ac
2032 2294 2072 2329 23

288 2371 365 2411 per
393 2364 643 2411 praesentes
674 2371 752 2410 pro
781 2357 918 2406 nobis,
941 2357 1185 2405 heredibus,
1209 2365 1251 2398 et
1274 2357 1596 2397 successoribus
1619 2357 1788 2405 nostris,
1812 2357 2013 2397 concedi-

290 2445 386 2472 mus
416 2438 458 2471 et
488 2429 798 2471 confirmamus
821 2430 1026 2470 omnibus
1055 2437 1098 2471 et
1120 2430 1298 2471 cuilibet
1328 2431 1580 2484 hujusmodi
1608 2444 1820 2483 personae
1848 2437 1891 2471 et
1920 2444 2013 2483 per-

289 2506 418 2554 sonis,
440 2505 508 2545 cui
534 2504 601 2544 vel
625 2504 782 2556 quibus
812 2503 968 2556 aliquis
994 2503 1092 2544 talis
1114 2504 1312 2544 dimissio
1338 2504 1403 2544 vel
1435 2510 1666 2557 praetensa
1694 2503 1902 2552 dimissio,
1925 2503 2015 2544 sive

290 2579 462 2631 aliquae
493 2577 602 2618 tales
635 2577 911 2617 dimissiones
940 2577 1006 2617 vel
1040 2584 1297 2630 praetensae
1325 2577 1603 2618 dimissiones
1632 2576 1748 2617 facta
1777 2576 1916 2617 fuerat
1947 2576 2014 2617 vel

290 2651 468 2705 [sactae]
503 2651 673 2691 fuerant
707 2651 763 2690 de
800 2650 1017 2703 aliquibus
1053 2650 1188 2699 terris,
1225 2650 1498 2699 tenementis,
1531 2663 1605 2690 seu
1643 2649 2014 2698 hereditamentis,
2034 2663 2076 2697 30

291 2724 535 2778 praedictis,
559 2724 677 2776 quod
715 2723 936 2776 quaelibet
973 2723 1225 2776 hujusmodi
1263 2736 1449 2776 persona
1485 2730 1527 2764 et
1564 2736 1776 2776 personae
1809 2723 2015 2775 deinceps

292 2798 531 2851 respective
552 2797 755 2845 habeant,
773 2803 964 2845 teneant,
982 2803 1025 2836 et
1047 2796 1302 2849 gaudeant,4
1324 2803 1367 2837 et
1389 2797 1560 2845 habere,
1578 2804 1736 2845 tenere,
1759 2803 1802 2836 et
1824 2797 2016 2849 gaudere

292 2871 460 2926 possint
493 2877 535 2911 et
557 2870 732 2910 valeant
763 2869 913 2910 omnia
943 2876 1090 2919 terraS,
1113 2876 1376 2918 tenementa,
1399 2876 1442 2910 et
1473 2870 1824 2910 hereditamenta
1855 2869 1916 2909 eis
1948 2868 2013 2909 vel

292 2958 442 2985 eorum
474 2943 602 2984 alicui
632 2943 697 2984 vel
732 2942 950 2995 aliquibus
979 2957 1057 2996 pro
1088 2943 1293 2983 valuabili
1323 2943 1674 2983 consideratione
1702 2942 1818 2982 bona
1841 2940 1926 2982 fide
1954 2942 2015 2982 sic

292 3019 473 3059 dimissa
501 3017 568 3058 vel
596 3023 828 3070 praetensa
850 3016 940 3056 fore
962 3017 1142 3057 dimissa
1171 3030 1249 3070 pro
1279 3017 1452 3057 residuo
1475 3016 1814 3069 respectivorum
1838 3015 2015 3056 termin-
2035 3032 2074 3065 35

293 3105 417 3133 orum
450 3092 491 3131 in
519 3090 715 3144 qualibet
746 3089 998 3142 hujusmodi
1031 3089 1286 3129 dimissione
1318 3089 1618 3137 limitatorum,
1641 3088 1722 3128 sub
1754 3087 2015 3128 annualibus

294 3165 547 3213 redditibus,
584 3162 927 3211 condicionibus,
964 3163 1341 3212 conventionibus,
1377 3170 1420 3203 et
1457 3161 1751 3215 agreamentis
1788 3161 1829 3200 in
1868 3160 2015 3213 hujus-

295 3239 414 3280 modi
437 3236 765 3279 dimissionibus
797 3234 1070 3288 specificatis,
1093 3242 1136 3276 et
1163 3235 1296 3288 juxta
1327 3248 1475 3276 verum
1510 3241 1766 3288 purportum
1801 3234 2014 3275 dictarum

296 3311 600 3353 dimissionum
624 3309 689 3350 vel
714 3315 1043 3362 praetensarum
1067 3308 1384 3350 dimissionum.
