2164 3804
291 399 345 440 30
546 398 768 431 RECORDS
800 397 861 430 OF
894 399 995 430 THE
1027 397 1265 430 BOROUGH
1297 397 1358 429 OF
1392 396 1744 429 NOTTINGHAM.
1884 387 2014 441 [1663

287 521 481 561 habeant
523 527 565 562 et
607 527 788 562 teneant
829 534 963 561 unam
1006 521 1249 560 nundinam
1293 520 1383 559 sive
1425 519 1577 559 seriam
1621 519 1737 572 apud
1775 518 1923 558 villam
1966 518 2021 558 de

289 595 463 635 Lenton
487 595 529 634 in
555 595 781 636 Comitatu
805 594 1032 648 praedicto
1055 594 1096 634 in
1121 600 1164 634 et
1187 606 1316 646 super
1338 593 1455 633 diem
1480 593 1684 633 Mercurii
1707 593 1748 632 in
1773 592 2022 645 septimana

287 667 385 709 festi
430 669 725 719 Pentecostes,
768 675 811 709 et
853 682 933 708 sex
975 668 1068 708 dies
1109 674 1203 708 tum
1246 666 1452 720 proximo
1503 672 1748 720 sequentes,
1791 665 2021 706 annuatim

287 743 624 796 imperpetuum,
660 750 703 784 et
740 743 795 783 ad
834 743 1015 791 tolneta,
1052 742 1229 784 Curiam
1270 741 1398 781 Pedis
1438 740 1710 790 Pulverizati,
1748 746 1791 781 et
1828 739 2023 793 proficua

286 817 542 870 hujusmodi
566 818 680 858 feriis
704 818 866 858 usitata
888 817 980 866 sibi,
1003 816 1276 865 haeredibus,
1295 821 1338 856 et
1361 815 1595 868 assignatis
1618 815 1706 855 suis
1729 814 2022 868 percipienda,

287 898 417 944 prout
439 905 516 945 per
540 891 879 944 inquisitionem
903 890 1176 944 praedictam
1200 889 1394 943 plenarie
1416 889 1554 942 liquet
1576 895 1619 930 et
1641 895 1825 942 apparet
1844 904 1851 929 :

375 965 535 1007 Sciatis
578 966 712 1006 modo
754 965 872 1018 quod
916 978 996 1005 nos
1037 965 1092 1005 de
1133 964 1274 1017 gratia
1316 970 1466 1004 nostra
1507 963 1685 1016 speciali
1723 977 1773 1003 ac
1811 977 1868 1003 ex
1905 969 2024 1003 certa

287 1040 470 1080 scientia
499 1046 542 1081 et
573 1054 693 1080 mero
723 1046 846 1080 motu
877 1039 1050 1089 nostris,
1073 1038 1276 1079 dedimus
1307 1044 1350 1079 et
1380 1038 1688 1086 concessimus,
1718 1051 1767 1077 ac
1797 1051 1873 1091 per
1901 1051 2024 1090 prae-

287 1121 434 1155 sentes
464 1128 542 1168 pro
572 1115 710 1163 nobis,
740 1114 1002 1154 haeredibus
1033 1119 1076 1154 et
1105 1113 1430 1153 successoribus
1459 1112 1632 1161 nostris,
1662 1113 1820 1153 damus
1850 1118 1893 1153 et
1921 1126 2024 1152 con-

287 1189 484 1229 cedimus
508 1188 708 1242 praefato
732 1188 924 1241 Georgio
948 1188 1159 1241 Gregory,
1178 1187 1440 1228 haeredibus
1464 1193 1506 1228 et
1529 1187 1764 1240 assignatis
1787 1187 1886 1236 suis,
1905 1188 2022 1240 quod

287 1265 391 1317 ipse,
434 1264 644 1304 haeredes
686 1271 729 1304 et
771 1263 983 1316 assignati
1026 1263 1091 1303 sui
1133 1263 1188 1303 de
1230 1269 1404 1303 caetero
1451 1262 1776 1315 imperpetuum
1819 1262 2024 1311 habeant,

286 1345 479 1388 teneant,
522 1345 564 1379 et
606 1338 869 1387 custodiant,
913 1344 955 1378 et
997 1337 1169 1386 habere,
1213 1344 1372 1386 tenere,
1415 1344 1458 1378 et
1500 1337 1722 1377 custodire
1763 1336 1940 1378 valeant
1981 1343 2024 1377 et

286 1413 469 1466 possint,
502 1426 635 1453 unam
670 1412 914 1452 nundinam
948 1412 1038 1452 sive
1071 1411 1222 1452 feriam
1256 1412 1454 1464 quolibet
1487 1425 1604 1451 anno
1637 1412 1754 1464 apud
1787 1412 1936 1452 villam
1970 1412 2025 1452 de

289 1488 462 1528 Lenton
497 1487 782 1540 praedictam,
813 1487 855 1526 in
891 1487 1119 1528 Comitatu
1153 1492 1304 1526 nostro
1339 1485 1720 1539 Nottinghamiae,
1751 1485 1792 1525 in
1823 1492 1866 1526 et
1895 1499 2026 1539 super

287 1562 403 1602 diem
429 1562 635 1602 Mercurii
660 1561 701 1601 in
726 1561 976 1614 septimana
999 1560 1096 1600 festi
1124 1561 1406 1601 Pentecostes
1425 1567 1468 1601 et
1491 1574 1571 1600 sex
1595 1560 1688 1600 dies
1706 1566 1799 1600 tum
1819 1560 2025 1612 proximo

287 1642 533 1689 sequentes,
576 1642 619 1676 et
661 1649 737 1688 per
778 1642 897 1676 totos
939 1634 1159 1687 separales
1202 1635 1294 1674 dies
1337 1635 1433 1674 illos
1486 1634 1728 1687 respective
1769 1634 2024 1675 duraturam

287 1711 625 1764 imperpetuum,
663 1723 853 1750 unacum
893 1710 1024 1751 Curia
1064 1709 1193 1749 Pedis
1233 1709 1492 1749 Pulverizati
1531 1715 1731 1761 tempore
1768 1707 1900 1749 feriae
1935 1708 2026 1749 sive

290 1785 514 1825 nundinae
556 1784 807 1838 praedictae
850 1784 984 1824 modo
1025 1790 1068 1823 et
1111 1783 1252 1823 forma
1294 1783 1530 1836 praedictis
1578 1783 1781 1832 tenenda,
1823 1797 1873 1823 ac
1925 1797 2024 1824 cum

288 1859 494 1899 omnibus
532 1858 808 1899 libertatibus
845 1864 888 1898 et
926 1857 1071 1898 liberis
1108 1858 1513 1905 consuetudinibus,
1551 1857 1742 1907 tolnetis,
1777 1857 2024 1907 theoloniis,

288 1935 512 1988 stallagiis,
537 1936 756 1988 piccagiis,
780 1934 950 1985 finibus,
981 1935 1345 1985 amerciamentis,
1375 1942 1418 1976 et
1447 1936 1652 1976 omnibus
1683 1936 1776 1976 aliis
1807 1935 2025 1989 proficius,

289 2010 569 2063 advantagiis
612 2016 654 2050 et
692 2009 1004 2050 emolumentis
1041 2009 1394 2063 quibuscumque
1431 2010 1485 2050 ad
1524 2010 1778 2064 hujusmodi
1817 2009 1945 2051 ferias
1982 2017 2025 2052 et

291 2084 443 2125 Curias
469 2084 597 2124 Pedis
622 2083 894 2133 Pulverizati,
913 2097 988 2124 seu
1013 2084 1067 2124 ad
1087 2092 1259 2124 earum1
1281 2084 1473 2137 aliquam
1493 2084 1559 2124 vel
1579 2084 1759 2137 aliquas,
1779 2084 2027 2138 aliqualiter

289 2159 604 2211 spectantibus,
642 2158 975 2211 pertinentibus,
1018 2158 1357 2211 emergentibus,
1395 2159 1485 2199 sive
1526 2158 1899 2212 provenientibus,
1936 2158 2027 2199 sive

289 2245 388 2272 cum
413 2233 578 2273 eisdem
602 2246 677 2272 seu
702 2245 851 2272 earum
876 2232 1048 2285 aliqua2
1070 2232 1279 2273 usualiter
1301 2232 1463 2273 habitis
1486 2232 1576 2273 sive
1599 2233 1781 2285 gavisis:
1809 2232 2026 2281 habenda,

289 2308 492 2356 tenenda,
526 2314 568 2347 et
601 2307 838 2359 gaudenda
870 2307 1142 2359 praedictam
1177 2307 1420 2347 nundinam
1454 2307 1545 2347 sive
1582 2307 1746 2355 seriam,
1780 2320 1830 2346 ac
1868 2306 2026 2347 liberas

290 2381 642 2430 consuetudines,
681 2381 860 2429 tolneta,
898 2380 1134 2430 theolonia,
1172 2381 1386 2434 stallagia,
1425 2381 1633 2434 piccagia,
1677 2381 1854 2423 Curiam
1900 2381 2027 2422 Pedis

293 2454 563 2503 Pulverizati,
588 2454 706 2503 fines,
730 2454 1073 2495 amerciamenta
1100 2461 1142 2495 et
1169 2461 1313 2495 cetera
1344 2456 1493 2495 omnia
1516 2462 1559 2496 et
1585 2455 1758 2508 singula
1784 2456 2027 2508 praemissa

290 2529 488 2581 superius
531 2542 607 2581 per
648 2535 901 2581 praesentes
945 2528 1185 2577 concessa,3
1226 2543 1301 2569 seu
1344 2529 1620 2570 mentionata
1671 2529 1763 2569 fore
1804 2543 2024 2579 concessa,

291 2601 491 2655 praefato
521 2602 714 2655 Georgio
744 2603 955 2655 Gregory,
978 2603 1241 2642 haeredibus
1271 2609 1314 2643 et
1344 2603 1579 2656 assignatis
1609 2603 1708 2653 suis,
1733 2604 1786 2643 ad
1817 2603 1959 2643 solum
1984 2609 2027 2644 et

291 2676 516 2729 proprium
547 2689 657 2729 opus
687 2682 730 2717 et
759 2690 886 2716 usum
918 2676 1054 2729 ipsius
1084 2676 1262 2729 Georgii
1294 2677 1505 2730 Gregory,
1529 2677 1768 2718 haeredum
1792 2684 1835 2718 et
1858 2678 2026 2730 assign-

292 2757 463 2791 atorum
502 2764 691 2799 suorum,
729 2750 1082 2803 imperpetuum;
1127 2756 1170 2790 et
1207 2751 1289 2790 hoc
1327 2751 1494 2803 absque
1530 2757 1740 2804 compoto
1773 2751 1841 2792 vel
1879 2751 2027 2804 aliquo

292 2824 378 2863 alio
415 2824 552 2872 nobis,
589 2823 862 2872 haeredibus,
899 2823 966 2863 vel
1004 2824 1327 2864 successoribus
1364 2825 1524 2865 nostris
1566 2826 1751 2878 proinde
1788 2826 2027 2874 reddendO,

292 2898 517 2947 solvendo,
540 2898 607 2938 vel
631 2897 845 2937 faciendo.

381 2971 529 3025 Quare
547 2971 759 3020 volumus,
778 2984 827 3011 ac
850 2984 926 3024 per
948 2977 1202 3024 praesentes
1225 2984 1304 3024 pro
1327 2971 1465 3021 nobis,
1483 2971 1756 3021 haeredibus,
1775 2978 1818 3013 et
1835 2985 2026 3012 success-

2047 1196 2085 1219 10

2048 1567 2085 1604 15

2045 1945 2088 1969 20

2046 2318 2087 2354 25

2047 2694 2088 2727 30

293 3045 440 3085 oribus
472 3044 644 3093 nostris,
678 3043 858 3085 firmiter
890 3044 1174 3097 injungendo,
1208 3044 1500 3097 praecipimus
1533 3051 1576 3086 et
1610 3046 1874 3086 mandamus
1906 3047 2025 3099 quod
2047 3061 2086 3097 35

293 3117 517 3171 praefatus
550 3118 766 3170 Georgius
800 3117 1011 3171 Gregory,
1044 3118 1254 3158 haeredes
1287 3124 1330 3158 et
1363 3118 1575 3171 assignati
1612 3119 1689 3168 sui,
1721 3119 1872 3172 vigore
1903 3133 2026 3172 prae-

294 3192 497 3241 sentium,
519 3191 643 3240 bene,
667 3191 811 3241 libere,
834 3191 961 3240 licite,
985 3198 1028 3232 et
1051 3191 1198 3244 quiete
1226 3191 1431 3241 habeant,
1454 3198 1646 3242 teneant,
1669 3199 1712 3233 et
1740 3192 2027 3242 custodiant‚4

294 3281 344 3307 ac
373 3267 545 3315 habere,
567 3272 726 3315 tenere,
753 3271 796 3306 et
825 3266 1046 3305 custodire
1067 3265 1243 3306 valeant
1272 3271 1315 3306 et
1345 3265 1516 3318 possint
1545 3266 1871 3319 imperpetuum
1901 3280 2025 3319 prae-

295 3342 460 3383 dictam
493 3340 736 3380 nundinam
770 3339 860 3380 sive
892 3339 1044 3381 feriam
1077 3339 1120 3380 in
1144 3345 1186 3379 et
1218 3352 1348 3394 super
1384 3339 1604 3393 separales
1637 3340 1730 3380 dies
1762 3340 2025 3395 praedictos,
