2164 3804
267 379 321 419 24
526 376 748 410 RECORDS
777 377 837 410 OF
870 377 971 408 THE
1004 375 1240 408 BOROUGH
1273 375 1334 408 oF
1368 375 1718 408 NOTTINGHAM.
1857 366 1983 420 [1641

265 499 507 553 hospitavit
543 507 586 542 et
623 500 914 549 comfortavst,
937 505 1090 540 contra
1127 512 1281 552 pacem
1319 499 1424 540 dicti
1466 498 1647 539 Domini
1691 498 1825 552 Regis
1862 511 1989 548 nunc,

266 580 344 614 etc.

833 650 1054 692 walterus
1080 650 1216 703 Edge,
1235 649 1416 703 juratus.

847 724 993 765 Alicia
1017 724 1204 773 stadales,
1225 724 1389 777 jurata1
1753 725 1818 774 78,
1842 737 1899 763 ro.
1925 724 1989 764 88.

899 875 1065 924 1640-1,
1087 873 1285 925 January
1313 874 1371 912 18.

976 964 1056 1004 Per
1076 963 1301 1004 orientem.
2039 975 2056 1009 5

354 1055 473 1097 Villa
498 1055 875 1108 Nottinghamiae‚
899 1055 1063 1095 scilicet
1082 1054 1374 1108 :—Juratores
1398 1067 1477 1107 pro
1501 1053 1696 1093 Domino
1722 1053 1844 1106 Rege
1866 1066 1995 1106 super

267 1137 594 1170 sacramentum
632 1143 758 1169 suum
797 1134 1093 1182 praesentant,
1125 1128 1244 1181 quod
1283 1127 1512 1168 Dorothea
1551 1127 1736 1176 Horner,
1770 1141 1908 1180 nuper
1941 1127 1996 1167 de

270 1204 490 1246 Costocke
523 1204 563 1244 in
599 1204 825 1245 Comitatu
860 1202 1239 1255 Nottinghamiae,
1261 1202 1453 1255 spinsler,
1477 1215 1594 1242 nono
1617 1201 1687 1242 die
1720 1201 1996 1251 Novembris,

267 1293 384 1319 anno
421 1279 543 1332 regni
580 1278 759 1319 Domini
794 1278 928 1318 nostri
968 1277 1125 1326 Caroli,
1159 1290 1273 1317 nunc
1313 1277 1447 1330 Regis
1484 1276 1689 1330 Angliae‚
1719 1282 1810 1326 etc.,
1847 1282 1996 1317 sexto-

266 1353 471 1402 decimo,2
493 1353 532 1393 vi
569 1360 610 1394 et
645 1353 787 1402 armis,
815 1352 930 1405 apud
968 1351 1114 1391 villam
1152 1351 1520 1404 Nottinghamiae
1553 1351 1836 1404 praedictam,
1860 1363 1996 1403 quan·
2022 1363 2060 1385 10

267 1427 397 1468 dam3
429 1427 665 1480 parcellam
700 1427 865 1480 plumbi
891 1426 1112 1478 (Anglice,
1137 1429 1292 1465 ‘cerlcn
1317 1432 1484 1478 petulca*
1511 1425 1653 1466 dislces
1685 1440 1735 1466 ον
1763 1424 1996 1477 sawccrs’),

267 1502 321 1542 ad
374 1501 611 1542 valentiam
655 1502 808 1541 decem
850 1500 1144 1549 denariorum,
1186 1500 1241 1540 dc
1293 1500 1419 1540 bonis
1461 1507 1503 1541 ct
1550 1500 1719 1540 catallis
1766 1499 1996 1553 cujusdam

269 1576 447 1628 Georgii
486 1575 602 1624 Hall,
635 1574 847 1627 generosi,
881 1574 998 1627 apud
1032 1573 1180 1614 villam
1220 1573 1589 1627 Nottinghamiae
1624 1573 1896 1627 praedictam
1935 1573 1998 1614 in-

268 1651 421 1701 ventis,
445 1658 549 1692 tunc
572 1657 615 1691 et
644 1650 806 1691 ibidem
832 1649 1017 1689 felonice
1040 1648 1206 1689 furatus
1231 1649 1321 1699 suit,
1345 1650 1472 1703 cepit,
1496 1657 1538 1691 et
1568 1650 1822 1703 asportavit,
1844 1655 1999 1690 contra

268 1739 422 1779 pacem
446 1724 550 1766 dicti
577 1724 757 1765 Domini
785 1723 918 1776 Regis
942 1736 1068 1772 nune,
1092 1736 1299 1763 coronam
1324 1731 1367 1764 et
1390 1724 1654 1777 dignitatem
1677 1738 1789 1774 suas,
1812 1731 1890 1765 etc.
2022 1736 2058 1771 15

836 1798 1085 1838 willelmus
1111 1798 1228 1848 Hall,
1248 1798 1429 1852 juratus.
1763 1801 1827 1849 81,
1851 1813 1907 1841 ro.
1938 1811 1996 1851 19.

979 1947 1059 1987 Per
1080 1947 1305 1988 orientem.

356 2040 476 2081 Villa
500 2038 879 2091 Nottinghamiae,
902 2037 1067 2078 scilicet
1086 2038 1379 2090 :—Juratores
1402 2052 1481 2091 pro
1505 2039 1700 2080 Domino
1725 2039 1848 2093 Rege
1870 2053 2000 2094 super

268 2122 594 2156 sacramentum
626 2126 751 2153 suum
786 2118 1083 2165 praesentant,
1106 2112 1224 2165 quod
1255 2112 1398 2153 Maria
1420 2112 1634 2165 Wrighte‚
1659 2126 1772 2154 uxor
1797 2114 2001 2155 Ricardi4

267 2189 481 2243 Wrighte,
505 2189 560 2229 de
588 2188 690 2228 villa
725 2186 1094 2239 Nottinghamiae
1126 2186 1167 2226 in
1201 2186 1427 2228 Comitatu
1457 2186 1586 2227 villae
1620 2187 2000 2241 Nottinghamiae,
2021 2201 2062 2223 20

268 2270 431 2313 tanner,
455 2262 663 2304 vicesimo
686 2267 843 2301 octavo
866 2260 936 2300 die
960 2259 1177 2309 Octobris,
1202 2273 1318 2300 anno
1341 2260 1461 2313 regni
1488 2260 1668 2301 Domini
1692 2261 1828 2302 nostri
1854 2262 1999 2304 Caroli

268 2351 384 2378 nunc
428 2337 563 2390 Regis
601 2335 803 2388 Angliae,
842 2340 932 2383 etc„
975 2333 1314 2383 sextodecimo‚5
1351 2334 1391 2374 vi
1435 2340 1478 2375 et
1519 2334 1651 2374 armis
1694 2336 1811 2388 apud
1849 2335 1998 2377 villam

269 2411 637 2464 Nottinghamiae
701 2408 972 2462 praedictam
1037 2408 1079 2448 in
1144 2414 1187 2448 et
1250 2420 1382 2461 super
1431 2408 1684 2461 quandam6
1747 2410 1999 2451 Susannam

267 2485 516 2538 WVheately‚
539 2497 724 2525 uxorem
760 2483 937 2535 Georgii
970 2482 1244 2536 XVheateley,
1267 2484 1322 2523 de
1345 2483 1447 2523 villa
1480 2482 1849 2536 Nottinghamiae
1878 2498 2001 2537 prae-

268 2560 397 2608 dicta,
421 2565 584 2607 muner,
609 2558 649 2597 in
675 2571 782 2610 pace
806 2557 890 2596 Dei
914 2563 956 2597 et
979 2557 1083 2597 dicti
1115 2557 1296 2596 Domini
1329 2556 1463 2609 Regis
1486 2557 1765 2607 existentem,
1789 2558 1999 2599 insultum
2022 2573 2061 2607 25

268 2635 382 2684 fecit,
405 2641 448 2675 et
472 2634 612 2687 ipsam
638 2633 889 2674 Susannam
920 2632 974 2671 ad
1006 2638 1110 2671 tunc
1139 2638 1183 2672 et
1212 2631 1376 2671 ibidem
1401 2631 1655 2680 verberavit,
1679 2631 1935 2682 vulneravit,
1959 2639 2002 2673 et

271 2708 385 2749 male
415 2707 630 2756 tractavit,
654 2707 715 2747 ita
737 2706 855 2759 quod
879 2706 933 2746 de
956 2705 1046 2746 vita
1075 2705 1167 2758 ejus
1190 2705 1517 2758 desperabatur,
1541 2711 1584 2746 et
1617 2705 1702 2746 alia
1733 2706 1931 2746 enormia
1963 2707 2001 2747 ei

270 2781 428 2830 intulit,
452 2781 506 2821 ad
541 2794 673 2833 grave
705 2780 950 2832 dampnum
986 2779 1121 2832 ipsius
1159 2780 1401 2829 Susannam,
1425 2793 1475 2820 ac
1512 2786 1666 2821 contra
1702 2794 1857 2834 pacem
1895 2781 2000 2822 dicti

273 2854 455 2895 Domini
482 2853 616 2906 Regis
640 2866 766 2902 nune,
789 2866 997 2893 coronam
1023 2860 1066 2894 et
1087 2853 1352 2906 dignitatem
1376 2867 1488 2903 suas
1513 2860 1592 2894 etc.

889 2928 1095 2969 Susanna
1117 2928 1392 2981 XVheateley.
1768 2931 1832 2979 81,
1856 2943 1912 2970 ro.
1938 2941 2001 2972 20.
2024 2947 2065 2980 30

334 3113 343 3127 ¹
369 3109 414 3140 At
431 3109 485 3140 the
503 3108 571 3139 soot
588 3107 624 3138 of
645 3106 709 3138 this
730 3112 952 3148 presentment
971 3106 996 3138 is
1013 3106 1068 3138 the
1203 3108 1415 3139 Confessions
1447 3108 1489 3149 by
1516 3107 1596 3139 both
1625 3107 1832 3140 Defendants
1864 3120 1918 3140 are
1946 3121 2001 3151 ap-

268 3162 438 3203 following
469 3167 568 3192 note:
608 3160 811 3192 ‘Confessed
845 3160 899 3192 the
936 3160 1068 3202 Indyte·
1203 3162 1345 3204 pended,
1370 3162 1483 3202 Bailey
1506 3173 1542 3192 or
1569 3161 1738 3193 ‘Barlow'
1763 3162 1907 3204 alleging
1931 3163 2002 3194 that

270 3222 371 3254 ment,
398 3216 463 3247 and
490 3215 574 3246 haue
599 3215 795 3256 judgment:
821 3220 854 3246 to
881 3215 922 3246 be
950 3221 1008 3257 put
1036 3221 1069 3247 to
1203 3217 1244 3248 he
1268 3227 1334 3247 was
1367 3215 1590 3257 ‘persuaded’
1615 3217 1659 3258 by
1684 3217 1765 3248 Hall
1797 3222 1830 3248 to
1861 3217 1920 3248 rob
1951 3217 2002 3248 his

272 3271 328 3301 the
368 3271 484 3301 House
525 3270 562 3300 of
596 3269 800 3307 Correcffion,
835 3273 873 3300 ut
910 3270 948 3300 in
986 3270 1070 3302 libro
1207 3269 1390 3303 ‘mistress'
1409 3271 1447 3304 of
1466 3282 1556 3304 more
1580 3273 1661 3305 malt
1685 3272 1764 3304 than
1787 3273 1869 3304 Hau
1891 3272 2002 3304 would

269 3324 480 3357 ordimztzmz’
502 3326 574 3364 (‘as
599 3323 738 3356 ordered
773 3324 805 3355 in
838 3324 892 3355 the
931 3324 1065 3364 book’).
1203 3326 1316 3358 admit.
