2164 3804
283 389 338 430 74
540 386 761 419 RECORDS
793 385 853 418 OF
886 386 987 417 THE
1019 386 1257 419 BoROUGH
1289 386 1350 420 OF
1385 386 1734 419 NOTTINGHAM,
1873 376 2003 428 [1682

283 514 471 557 utantur,
499 514 542 549 et
572 508 806 561 gaudeant,
835 513 878 548 et
909 507 1038 560 plene
1068 507 1234 557 habere,
1257 514 1415 557 tenere,
1445 508 1519 557 uti,
1541 513 1585 548 et
1616 507 1806 560 gaudere
1837 506 2006 559 possint

283 588 327 623 et
349 581 523 622 valeant
545 581 861 634 imperpetuum
885 594 1037 621 omues
1059 580 1287 630 libertates,
1310 581 1466 621 liberas
1494 580 1839 629 consuetudines,
1862 578 2006 633 privil-

283 656 395 709 egia,
437 655 721 697 authoritates
760 661 804 696 et
844 655 1113 708 quietanlias
1152 656 1406 708 praedictas,
1448 656 1684 696 secuudum
1725 661 1922 696 tenorem
1965 661 2008 695 et

283 729 488 771 effectum
521 729 674 769 harum
711 728 926 769 literarum
964 736 1202 770 nostrarum
1238 730 1495 783 patentium,
1532 730 1625 770 sine
1660 729 1908 770 occasione1
1941 728 2008 769 vel

284 804 603 857 impedimento
644 803 784 852 nostri,
825 802 1034 844 heredum
1076 804 1142 844 vel
1184 817 1483 844 successorum
1527 810 1764 844 nostrorum
1806 816 2009 857 quorum·
2051 811 2069 845 5

284 891 494 930 cumque;
524 876 750 917 nolentes2
771 877 883 929 quod
908 877 1038 917 iidem
1064 877 1220 930 Major,
1238 877 1524 918 Aldermauui
1548 884 1591 918 et
1614 878 1860 930 Burgenses
1882 875 2011 917 villae

284 951 529 1004 praedictae
569 950 739 990 ratione
780 950 1126 1003 praemissorum,
1167 965 1242 992 seu
1285 966 1433 992 eorum
1476 951 1670 1005 alicujus,
1706 964 1786 1004 per
1817 963 1907 999 nos,
1943 949 2011 990 vel

284 1025 462 1066 heredes
496 1038 571 1065 seu
605 1037 875 1064 successores
912 1030 1087 1073 nostros,
1121 1024 1388 1077 justitiarios,
1423 1024 1726 1073 Vicecomites,
1762 1030 2012 1071 escaetores,

285 1105 328 1139 et
370 1098 476 1138 alias
517 1097 708 1138 Ballivos
750 1111 825 1137 seu
869 1097 1090 1138 ministros
1133 1104 1308 1147 nostros,
1345 1098 1554 1138 heredum
1597 1111 1672 1138 seu
1714 1109 2012 1138 successorum

286 1179 523 1213 nostrorum
556 1185 922 1226 quorumcunque,
952 1171 1054 1212 inde
1086 1172 1433 1221 occasionentur‚
1462 1171 1761 1220 molestentur,
1784 1175 2013 1218 vexentur,
2037 1184 2075 1208 10

286 1253 532 1300 graventur,
555 1259 630 1286 seu
653 1246 695 1286 in
720 1245 866 1298 aliquo
889 1245 1207 1298 perturbentur.

373 1320 552 1360 Proviso
574 1333 756 1372 semper,
780 1325 823 1359 et
840 1318 1043 1359 volumus
1066 1333 1115 1359 ac
1139 1333 1218 1372 per
1236 1325 1485 1372 praesentes
1508 1332 1585 1372 pro
1608 1318 1746 1368 nobis,
1769 1317 2013 1365 heredibus,

286 1400 329 1435 et
351 1393 674 1435 successoribus
695 1393 860 1441 nostris,
883 1392 1138 1432 ordinamus
1161 1399 1203 1432 et
1227 1391 1402 1432 firmiter
1428 1392 1695 1445 injungendo
1716 1393 2014 1446 praecipimus,

290 1468 402 1521 qttod
427 1467 581 1520 Major,
601 1466 884 1506 Aldermauui
904 1472 946 1506 et
965 1466 1096 1506 ceteri
1114 1479 1267 1506 omnes
1285 1465 1480 1506 officiarii
1499 1472 1734 1519 praeantea
1751 1466 2020 1507 mentionati

290 1548 333 1582 et
357 1542 489 1581 modo
511 1539 746 1581 constituti
764 1539 855 1579 sive
877 1538 1136 1587 confirmati,
1159 1553 1234 1579 scu
1264 1539 1574 1588 constituendi,
1596 1545 1833 1593 antequam
1857 1540 1936 1593 ipsi
1960 1540 2015 1580 ad
2039 1555 2075 1589 15

289 1615 600 1655 executionem
633 1613 723 1653 sive
755 1613 1013 1653 exercitium
1046 1612 1176 1653 officii
1209 1613 1299 1653 sive
1331 1612 1583 1661 officiorum,
1607 1613 1689 1654 loci
1712 1613 1779 1653 vel
1811 1613 2016 1662 locorum,

290 1688 357 1728 cui
391 1687 458 1728 vel
492 1687 650 1740 quibus
684 1687 744 1727 sic
781 1687 1022 1740 respective
1059 1686 1289 1735 nominati,
1324 1687 1626 1739 appunctuati,
1661 1687 1751 1727 sive
1787 1687 2022 1728 constituti

291 1763 425 1803 modo
447 1762 656 1811 existunt,
675 1768 750 1802 aut
773 1761 1060 1815 imposterum
1085 1761 1314 1810 nominati,
1332 1761 1472 1811 electi,
1491 1761 1580 1802 sive
1599 1761 1833 1802 constituti
1847 1761 2018 1812 suerint,

291 1838 594 1887 admittantur,
612 1844 687 1878 aut
710 1838 952 1891 aliqualiter
974 1837 1015 1877 in
1039 1851 1090 1877 ea
1112 1844 1242 1890 parte
1265 1837 1575 1886 intromittant,
1593 1851 1668 1878 seu
1692 1851 1840 1878 eorum
1863 1838 2019 1891 aliquis

292 1911 532 1965 respective
546 1912 823 1961 intromittat,
839 1918 929 1952 tam
946 1917 1269 1951 sacramentum
1285 1911 1507 1964 corporale
1520 1911 1806 1951 communiter
1815 1918 2018 1952 vocatum
2039 1925 2081 1948 20

292 1985 406 2026 ‘Tlce
443 1985 555 2027 Oatlc
587 1986 641 2037 af
676 1985 923 2033 obediam-ex
956 1998 1089 2038 quam
1124 1991 1443 2025 sacramentum
1476 1985 1699 2038 corporale
1730 1985 2025 2026 communiter

292 2065 510 2108 vocatum,
539 2062 547 2078 ‘
569 2058 608 2098 T
605 2058 654 2098 lte
680 2058 791 2100 Oatlc
813 2060 868 2110 af
888 2058 1161 2111 quJremmy'
1191 2072 1320 2111 super
1341 2059 1635 2099 sacrosanctis
1658 2058 1741 2099 Dei
1767 2059 2020 2112 Evangeliis

291 2132 585 2185 praestabunt,
608 2138 651 2173 et
673 2132 859 2185 quilibet
890 2145 1038 2172 eorum
1071 2132 1320 2185 praestabit,
1343 2138 1386 2173 et
1415 2132 1563 2172 omuia
1592 2132 1679 2172 alia
1701 2131 2019 2181 3sacramenta,

291 2206 610 2246 declarationes
662 2212 705 2246 et
745 2205 1088 2259 subscriptiones
1130 2205 1415 2258 praestabunt
1456 2211 1500 2246 et
1541 2204 1712 2254 facient,
1754 2212 1797 2246 ct
1838 2205 2021 2259 quilibet

293 2295 440 2322 eorum
475 2280 716 2334 praestabit
751 2287 794 2321 et
830 2280 971 2329 saciet,
1007 2280 1157 2333 qualia
1190 2294 1269 2333 per
1299 2280 1413 2333 leges
1445 2286 1488 2320 et
1523 2281 1704 2321 Statuta
1736 2279 1866 2332 hujus
1899 2279 2020 2332 regni
2041 2295 2080 2329 ²5

293 2354 482 2408 Angliae
510 2360 727 2407 praestare
756 2360 799 2394 et
827 2353 969 2394 facere
997 2353 1172 2402 debent,
1202 2367 1276 2394 seu
1303 2353 1446 2401 debet,
1469 2367 1615 2393 coram
1639 2353 1715 2394 tali
1738 2366 1924 2406 persona
1945 2365 2021 2392 seu

293 2428 454 2469 talibus
488 2427 684 2481 personis
717 2427 864 2480 quales
896 2433 939 2468 et
973 2440 1086 2480 quae
1120 2427 1175 2467 ad
1209 2426 1462 2479 hujusmodi
1500 2432 1768 2467 sacramenta
1798 2426 1947 2467 danda
1978 2432 2022 2466 et

294 2501 566 2555 praestanda,
590 2508 633 2542 et
664 2501 982 2541 declarationes
1012 2507 1054 2541 et
1087 2501 1430 2554 subscriptiones
1462 2500 1736 2553 recipiendas
1769 2514 1848 2553 per
1878 2499 2020 2553 legem

294 2583 337 2617 et
370 2577 550 2618 Statuta
581 2576 710 2629 hujus
743 2575 864 2628 regni
898 2575 1024 2615 nostri
1048 2574 1240 2628 Angliae
1271 2576 1325 2615 ad
1356 2588 1563 2628 praesens
1593 2581 1951 2628 appunctuantur
1979 2580 2023 2615 et

294 2651 597 2703 designantur,
632 2656 707 2690 aut
744 2650 1029 2702 imposterum
1067 2655 1394 2702 appunctuatae
1429 2655 1474 2690 et
1509 2649 1764 2702 designatae
1796 2648 1923 2689 fuerit
1954 2647 2021 2688 vel
2042 2669 2084 2702 30

295 2723 465 2764 fuerint.
529 2724 588 2764 Et
624 2723 736 2776 quod
774 2722 1022 2775 praedictus
1064 2723 1300 2764 Gervasius
1335 2722 1468 2772 Wild,
1506 2728 1744 2775 antequam
1783 2722 1837 2762 ad
1875 2721 2022 2762 officia

296 2797 490 2851 Majoris,
506 2797 801 2845 Aldermauui,
817 2803 859 2836 et
876 2796 1124 2848 Justitz'arii
1137 2796 1270 2846 Pacis,
1286 2802 1362 2836 aut
1379 2809 1528 2836 eorum
1546 2795 1735 2844 alterius,
1750 2795 2021 2845 admittatur,

295 2877 616 2911 sacramentum
635 2883 760 2911 suum
778 2870 832 2910 ad
848 2868 995 2910 officia
1010 2869 1083 2908 illa
1099 2868 1365 2921 respective4
1381 2868 1492 2909 bene
1507 2875 1550 2909 et
1566 2867 1745 2909 fideliter
1759 2869 2022 2921 exequenda

296 2958 442 2985 coram
476 2943 683 2997 praefatis
715 2942 947 2995 Radulplao
980 2942 1117 2994 Edge,
1142 2942 1457 2995 Christophero
1485 2942 1602 2990 Hall‚
1624 2941 1828 2994 Johauue
1861 2941 2023 2982 Parker

297 3025 340 3059 et
359 3018 569 3059 Gervasio
589 3017 779 3070 Rippon‚
794 3016 861 3056 vel
881 3015 1096 3068 aliquibus
1112 3015 1284 3055 duobus
1298 3015 1366 3055 vel
1385 3015 1579 3068 pluribus
1595 3028 1743 3055 eorum
1762 3014 1998 3068 praestabit
2015 3030 2022 3055 :
2042 3035 2082 3070 35

298 3091 456 3144 quibus
473 3090 650 3143 quidem
677 3088 908 3141 Radulplzo
932 3089 1069 3141 Edge,
1094 3088 1408 3141 Christophero
1433 3088 1549 3138 Hall,
1571 3088 1762 3141 Johauui
1797 3088 1958 3129 Parker
1979 3094 2023 3128 et

299 3164 510 3207 Gervasio
534 3163 711 3216 Rippon
735 3161 1079 3202 administrandi
1096 3161 1180 3202 tale
1200 3167 1521 3202 sacramentum
1547 3161 1723 3214 plenam
1747 3167 2022 3215 potestatem,

300 3245 342 3279 et
365 3237 671 3279 authoritatem
693 3236 851 3276 damus
873 3241 916 3275 et
939 3234 1221 3275 concedimus
1244 3248 1323 3287 per
1340 3241 1599 3287 praesentes.

494 3330 504 3345 ¹
527 3325 714 3365 occasioned
734 3323 938 3362 ‘accacone‚'
958 3323 1032 3357 MS.
1291 3326 1304 3341 ²
1327 3322 1495 3363 nolentes,]
1515 3324 1523 3340 ‘
1535 3322 1707 3362 volentes,'
1726 3323 1800 3356 MS.
