2164 3804
305 374 357 416 34
560 373 782 406 RECORDs
814 373 875 406 OF
908 372 1008 404 THE
1042 371 1280 405 BOROUGII
1312 370 1374 403 OF
1407 369 1758 404 NOTTINGHAM.
1898 363 2026 417 [1675

302 495 472 545 dictae;
510 508 559 536 ac
596 509 750 536 omnes
788 496 976 545 arbores,
1013 495 1182 543 boscos,
1220 499 1263 534 et
1299 493 1542 533 subboscos
1579 507 1681 534 suos
1718 493 1881 534 ibidem
1919 508 2030 535 cres-

302 574 462 617 centes,
485 569 719 618 succidere,
743 570 942 617 vendere,
966 574 1009 608 et
1032 568 1267 620 disponere
1290 567 1343 607 ad
1368 566 1541 607 libitum
1564 580 1726 608 eorum.

389 644 597 685 Clamant
615 644 748 684 etiarn
771 650 912 684 totam
932 643 1079 684 villam
1099 643 1153 683 de
1177 641 1520 693 Nottinghamia
1537 647 1580 681 et
1597 647 1757 681 terram
1776 655 1913 692 suam,
1930 655 2030 683 cum

301 718 588 770 pertinentiis,
605 718 646 757 in
671 717 773 757 villa
798 717 1167 769 Nottinghamiae
1189 714 1427 768 praedicta,
1446 713 1557 753 infra
1579 714 1804 755 libertates
1827 714 1955 755 villae
1976 715 2032 756 de

302 791 645 844 Nottinghamia
668 792 930 844 praedictae,
949 791 1111 831 habere
1133 797 1175 831 et
1198 797 1358 839 tenere,
1377 789 1544 829 solutas
1567 795 1610 830 et
1627 789 1798 842 quietas
1815 790 1871 830 de
1885 791 2030 840 vastis,
2073 792 2090 827 5

301 865 489 914 assartis,
508 871 552 905 et
574 866 878 918 purpresturis,
901 871 944 904 et
967 865 1021 904 de
1047 865 1233 916 regardo
1259 863 1349 904 sive
1375 863 1468 903 visu
1492 862 1842 903 forestariorum1
1865 863 1932 905 vel
1955 864 2031 905 ali-

301 951 424 978 orum
462 939 760 979 ministrorum
799 939 980 979 Domini
1018 938 1153 990 Regis
1189 937 1398 977 Forestae
1432 937 1694 990 praedictae,
1722 944 2030 991 praeterquam

300 1012 552 1053 chasionem
569 1019 611 1053 et
627 1013 899 1066 fugationem
916 1013 1104 1053 ferarum
1125 1013 1333 1053 Forestae
1347 1012 1609 1065 praedictae,
1624 1026 1701 1065 per
1715 1018 1854 1053 totam
1870 1020 2030 1055 terram

299 1098 423 1124 suam
442 1086 496 1125 de
520 1086 862 1139 Nottinghamia
881 1101 889 1137 3
913 1087 973 1128 ita
990 1093 1139 1128 tamen
1159 1086 1278 1139 quod
1297 1086 1528 1126 occasione
1545 1085 1798 1138 hujusmodi
1817 1086 2030 1128 libertatis

302 1159 498 1200 Domino
522 1160 634 1213 Regi
658 1174 737 1201 nec
763 1161 1026 1202 haeredibus
1049 1160 1137 1201 suis
1160 1160 1373 1200 damnum
1398 1172 1484 1198 non
1509 1157 1585 1199 fiat
1607 1159 1662 1199 de
1684 1160 1919 1201 venatione
1941 1175 2028 1202 sua.
2054 1166 2092 1190 10

385 1233 455 1273 Ac
494 1234 627 1274 etiam
666 1234 860 1275 clamant
896 1234 1058 1275 habere
1095 1233 1334 1287 leporarios
1371 1239 1414 1274 et
1451 1246 1581 1274 canes
1618 1247 1721 1274 suos
1755 1233 1867 1275 infra
1907 1249 2030 1288 prae-

298 1306 463 1346 dictam
494 1313 654 1348 terram
678 1309 733 1349 de
765 1309 1073 1361 Nottingham,
1092 1308 1147 1348 ad
1177 1307 1414 1348 currendos
1447 1314 1489 1348 et
1519 1308 1759 1361 capiendos
1789 1308 1960 1362 lepores
1986 1315 2030 1350 et

298 1380 462 1433 vulpes,
486 1388 615 1422 extra
638 1389 895 1435 coopertum
922 1383 1132 1423 Forestae
1154 1381 1417 1434 praedictae.

387 1455 445 1494 Et
497 1469 576 1507 pro
627 1455 757 1496 titulo
809 1456 863 1496 ad
917 1456 1155 1504 libertates,
1197 1454 1402 1508 proficua,
1445 1461 1488 1495 et
1530 1455 1758 1508 privilegia
1803 1456 2031 1509 praedicta

296 1527 512 1577 habenda,
532 1529 664 1569 iidem
689 1529 836 1582 Major
858 1536 900 1570 et
925 1530 1182 1582 Burgenses,
1202 1542 1278 1582 per
1293 1535 1572 1569 rattornatum
1592 1543 1719 1570 suum
1742 1531 2028 1583 praedictum,
2053 1538 2089 1573 ι5

296 1600 449 1641 dicunt
487 1602 605 1654 quod
646 1602 874 1654 Johannes
916 1603 1143 1656 quondam
1188 1603 1349 1644 Comes
1391 1603 1446 1643 de
1489 1603 1745 1644 Mortimer2
1782 1604 1906 1658 (dum
1949 1605 2029 1647 fuit

297 1679 517 1719 Dominus
554 1680 696 1722 Castri
730 1681 785 1721 de
820 1680 1117 1733 Nottingham
1153 1680 1389 1733 praedicta,
1413 1686 1456 1720 et
1490 1681 1626 1720 totius
1662 1680 1872 1722 Forestae
1906 1694 2028 1734 prae-

294 1754 439 1794 dictae
470 1754 742 1808 Sherwood),
764 1755 932 1795 habens
962 1761 1126 1795 statum
1155 1760 1198 1795 et
1224 1759 1493 1807 potestatem
1526 1754 1768 1794 concedere
1797 1754 1902 1795 talia
1930 1768 2028 1808 pro-

295 1826 417 1876 ficua,
442 1827 677 1877 libertates,
700 1834 744 1869 et
773 1828 1011 1881 privilegia,
1034 1841 1111 1881 per
1135 1827 1346 1869 Chartam
1376 1841 1512 1877 suam,
1536 1841 1668 1880 quam
1702 1827 1930 1881 proferunt
1958 1828 2028 1869 hic

293 1901 335 1941 in
380 1902 522 1952 Curia,
557 1902 680 1943 dedit
722 1909 765 1943 et
807 1902 1023 1943 concessit
1060 1902 1297 1956 praedictis
1340 1902 1641 1954 Burgensibus
1681 1908 1822 1943 totam
1864 1909 2025 1944 terram
2046 1914 2088 1937 20

292 1988 429 2025 suam,
459 1989 558 2016 cum
594 1976 882 2029 pertinentiis,
915 1977 970 2016 de
1004 1975 1314 2028 Nottingham,
1337 1975 1532 2028 quietam
1568 1976 1623 2016 de
1656 1976 1803 2026 vastis,
1835 1976 2026 2027 assartis,

293 2050 598 2102 purpresturis‚
637 2056 679 2090 et
717 2050 772 2090 de
814 2050 1000 2103 regardo
1042 2049 1132 2090 sive
1173 2049 1267 2090 visu
1309 2049 1648 2099 forestariorum,
1690 2050 2028 2101 viridariorum?

294 2124 640 2175 regardatorum,
667 2137 742 2164 seu
775 2124 960 2164 aliorum
995 2124 1294 2164 ministrorum
1330 2123 1540 2164 Forestae
1573 2123 1755 2164 Domini
1790 2124 1951 2177 Regis;
1983 2131 2027 2166 et

292 2196 454 2237 habere
486 2203 529 2238 et
561 2204 711 2238 tenere
743 2198 981 2251 leporarios
1014 2204 1057 2239 et
1095 2211 1225 2237 canes
1258 2211 1361 2238 suos
1394 2197 1511 2250 apud
1547 2198 1935 2251 Nottinghamiam
1970 2199 2025 2239 ad

293 2272 532 2311 currendos
564 2278 607 2312 et
636 2272 875 2325 capiendos
908 2272 1077 2325 lepores
1109 2278 1152 2312 et
1181 2271 1334 2324 vulpes
1366 2276 1493 2310 extra
1525 2278 1782 2324 coopertum
1818 2272 2027 2313 Forestae
2046 2282 2087 2316 25

292 2345 573 2397 praedictae;
606 2346 667 2387 ita
698 2353 846 2387 tamen
874 2348 994 2400 quod
1027 2346 1260 2386 occasione
1291 2345 1546 2399 hujusmodi
1581 2346 1796 2387 libertatis
1830 2346 2027 2387 Domino

294 2419 418 2472 Regi,
441 2433 520 2459 nec
543 2420 806 2461 haeredibus
828 2421 929 2470 suis,
952 2421 1165 2461 damnum
1190 2433 1277 2460 non
1303 2418 1378 2460 fiat
1401 2419 1456 2459 de
1478 2419 1712 2459 venatione
1735 2433 1822 2460 sua.

381 2494 612 2535 Proferunt
634 2495 768 2535 etiam
797 2495 929 2536 iidem
961 2494 1107 2548 Major
1136 2500 1179 2535 et
1209 2494 1457 2546 Burgenses
1486 2492 1555 2533 hic
1578 2493 1619 2533 in
1646 2494 1777 2535 Curia
1799 2493 2024 2546 quandam

294 2568 424 2608 aliam
460 2570 639 2610 Cartam
674 2570 808 2622 ipsius
840 2569 1068 2623 Johannis,
1101 2582 1176 2622 per
1209 2581 1341 2621 quam
1375 2568 1468 2621 ipse
1499 2567 1616 2607 idem
1648 2567 1876 2620 Johannes
1905 2568 2024 2621 (cum

294 2648 450 2694 postea
479 2643 703 2684 existisset
735 2644 833 2683 Rex
858 2642 1080 2696 Angliae),
1110 2642 1359 2695 praedictas
1389 2641 1695 2681 concessiones
1725 2641 1767 2681 in
1800 2641 2025 2694 praedicta
2045 2654 2087 2687 30

295 2717 427 2770 priori
451 2718 584 2759 Carta
607 2718 916 2768 mentionatas‚
939 2717 1147 2771 praefatis
1171 2716 1470 2769 Burgensibus
1493 2714 1724 2756 ratificavit
1753 2722 1797 2756 et
1823 2715 2025 2756 confirm-

294 2791 411 2841 avit;
444 2798 487 2832 et
516 2792 729 2845 praedicti
761 2792 907 2845 Major
936 2798 979 2833 et
1011 2792 1258 2844 Burgenses
1280 2790 1444 2839 dicunt,
1467 2790 1585 2843 quod
1608 2789 1769 2830 virtute
1792 2790 2022 2831 Cartarum

294 2865 631 2917 praedictarum,
655 2879 734 2905 nec
766 2879 854 2906 non
887 2866 1048 2906 virtute
1076 2865 1346 2906 diversarum
1380 2864 1563 2904 aliarum
1599 2863 1830 2905 Cartarum
1862 2863 2024 2904 divers-

293 2951 417 2978 orum
437 2939 621 2979 aliorum
648 2939 821 2992 Regum
841 2946 882 2980 et
908 2940 1178 2992 Reginarum
1196 2938 1390 2991 Angliae
1407 2936 1752 2977 confirmationis
1771 2936 2022 2977 libertatum

296 3018 339 3052 et
362 3012 688 3065 privilegiorum
713 3012 1051 3065 praedictorum,
1075 3012 1187 3052 inter
1219 3011 1314 3060 alia,
1337 3011 1398 3051 eis
1420 3009 1780 3050 confirmatorum
1808 3016 1850 3050 et
1877 3009 1957 3059 hic,
1980 3010 2022 3050 in
2043 3026 2082 3060 35

296 3085 438 3134 Curia,
461 3085 749 3126 consimiliter
780 3085 1080 3139 probatorum,
1108 3086 1189 3138 ipsi
1223 3085 1355 3125 iidem
1390 3085 1637 3137 Burgenses
1669 3090 1712 3124 et
1744 3083 2024 3136 praedecess-

294 3171 391 3198 ores
414 3159 478 3198 sui
501 3172 674 3212 semper
696 3159 781 3200 huc
803 3172 942 3212 usque
965 3172 989 3199 a
1011 3158 1287 3199 confectione
1311 3159 1542 3200 Cartarum
1572 3157 1908 3211 praedictarum,
1930 3157 2024 3197 sine

359 3266 368 3280 ¹
393 3264 684 3304 Forestar2·0rum‚]
705 3264 1076 3303 ‘fort‘stariorum,’MS.
1226 3264 1456 3296 Moretoniae.’
1496 3264 1589 3295 ‘Earl
1607 3263 1644 3295 of
1656 3263 1841 3296 Mortimer'
1859 3263 1908 3294 for
1928 3263 2022 3296 ‘Earl

357 3321 370 3335 ²
396 3317 536 3352 ‘Comes
566 3319 608 3354 de
639 3319 835 3358 Mortimer,'
867 3320 916 3351 for
951 3319 1092 3353 ‘Comes
1225 3319 1262 3349 of
1276 3318 1444 3350 Mortain.’
