2164 3804
281 392 335 431 92
540 392 760 425 RECORDS
792 392 853 424 OF
886 393 987 424 THE
1019 393 1256 426 BOROUGH
1288 393 1349 424 OF
1383 391 1732 424 NOTTINGHAM.
1871 382 2001 435 [1692

283 511 529 552 remisimus
561 519 604 553 et
637 513 944 563 relaxavimus,
967 528 1016 554 ac
1046 528 1122 567 per
1150 519 1403 567 praesentes
1433 527 1511 566 pro
1537 513 1674 562 nobis,
1697 519 1739 553 et
1771 512 2004 553 heredibus

283 591 326 625 et
352 587 675 627 successoribus
698 588 869 637 nostris,
892 588 1202 640 pardonamus,
1226 587 1502 635 remittimus,
1525 592 1568 626 et
1591 585 1843 626 relaxamus
1864 585 2004 625 omni·

282 657 363 698 bus
386 665 429 699 et
451 659 633 712 singulis
657 660 954 713 Burgensibus
976 661 1104 701 villae
1126 661 1180 700 de
1204 660 1496 712 Notyngham
1519 659 1770 712 praedictae
1792 658 1941 698 omnia
1962 664 2006 699 et

282 730 455 783 singula
477 745 554 781 res,
578 733 795 782 materias,
819 739 1112 786 contemptus,
1131 733 1323 782 crimina,
1346 732 1548 781 offensas,
1571 738 1614 772 et
1637 732 2005 784 transgressiones

282 818 569 858 quaecunque
601 819 678 859 per
709 820 755 847 se
788 807 906 860 ipsos
929 807 996 847 vel
1027 807 1217 860 aliquem
1249 807 1339 846 sive
1368 806 1538 859 aliquos
1564 819 1715 846 eorum
1743 806 2004 858 separatim1
2048 818 2065 851 5

282 878 349 918 vel
396 878 667 931 conjunctim
710 879 837 929 facta,
880 881 1128 929 commissa,
1170 880 1260 920 sive
1312 885 1564 932 perpetrata
1604 879 1670 928 de,
1712 892 1801 931 pro,
1844 878 1910 918 vel
1962 879 2004 919 in

282 952 546 992 executione
572 952 755 1006 alicujus
778 953 907 993 officii
931 953 998 994 vel
1028 953 1274 1006 aliquorum
1298 952 1541 993 officiorum
1572 951 1683 992 infra
1704 951 1852 992 villam
1883 965 2006 1004 prae-

281 1024 458 1074 dictam,
491 1025 652 1066 limites
688 1027 755 1066 vel
793 1027 1070 1079 praecinctus
1107 1026 1316 1079 ejusdem,
1354 1025 1499 1066 colore
1535 1025 1625 1065 sive
1660 1031 1895 1078 praetextu
1932 1024 2006 1065 ali-

281 1111 467 1150 quarum
509 1099 732 1140 literarum
785 1101 1032 1153 patentium
1085 1100 1410 1153 praedictorum
1454 1113 1592 1152 nuper
1645 1099 1818 1151 Regum
1862 1098 2007 1140 Caroli

283 1171 475 1213 Secundi
514 1179 556 1213 et
592 1173 746 1225 Jacobi
787 1174 992 1222 Secundi,
1016 1173 1083 1213 vel
1121 1173 1298 1213 alterius
1336 1185 1498 1221 eorum,
1528 1172 1583 1212 ad
1622 1171 1799 1225 aliquod
1833 1177 2007 1225 tempus
2032 1188 2069 1212 10

281 1244 371 1284 sive
403 1251 604 1298 tempora
636 1253 736 1299 post
770 1247 1042 1299 praedictum
1077 1247 1297 1286 decimum
1331 1251 1536 1286 octavum
1569 1245 1686 1285 diem
1723 1245 2008 1298 Septembris,

282 1331 399 1358 anno
421 1319 525 1359 dicti
550 1332 688 1371 nuper
712 1320 847 1372 Regis
872 1320 1016 1361 Caroli
1042 1320 1234 1361 Secundi
1259 1318 1479 1359 tricesimo
1502 1325 1660 1371 quarto
1682 1318 1963 1371 supra-dicto.

370 1392 428 1433 Et
457 1392 647 1442 ulterius,
671 1394 725 1433 de
755 1394 940 1434 uberiori
972 1394 1114 1444 gratia
1144 1399 1294 1433 nostra
1322 1392 1511 1445 speciali,
1535 1406 1584 1432 ac
1607 1406 1663 1432 ex
1687 1398 1805 1433 certa
1827 1392 2010 1433 scientia

281 1471 324 1505 et
362 1478 482 1505 mero
520 1472 642 1506 motu
680 1466 851 1515 nostris,
889 1466 1105 1515 dedimus,
1143 1465 1450 1514 concessimus,
1488 1466 1770 1514 restituimus,
1807 1465 2008 1506 confirm-

281 1539 461 1588 avimus,
485 1539 839 1592 approbavimus,
863 1546 906 1580 et
939 1539 1262 1588 ratificavimus
1286 1553 1335 1579 ac
1364 1553 1440 1592 per
1472 1546 1725 1591 praesentes
1758 1553 1836 1592 pro
1871 1539 2008 1588 nobis,
2032 1558 2068 1592 15

280 1611 513 1652 heredibus
550 1619 593 1653 et
630 1613 953 1653 successoribus
991 1613 1162 1662 nostris,
1195 1613 1364 1661 damus,
1397 1612 1692 1662 concedimus,
1725 1613 2008 1662 restituimus,

279 1684 600 1735 confirmamus,
624 1686 934 1739 approbamus,
953 1692 995 1726 et
1019 1685 1286 1726 ratificamus
1310 1685 1470 1738 Majori
1494 1692 1537 1726 et
1561 1685 1858 1738 Burgensibus
1881 1685 2008 1726 villae

281 1758 584 1811 Notyngham‚
619 1765 662 1799 et
703 1759 1026 1799 successoribus
1068 1759 1166 1808 suis,
1209 1759 1359 1799 omnia
1395 1766 1438 1799 et
1474 1759 1733 1799 omnimoda
1771 1759 2008 1808 manneria,

280 1832 538 1885 messuagia,
582 1832 846 1881 molendina,
890 1832 1097 1879 redditus,
1135 1839 1283 1880 terraS,
1326 1838 1592 1881 tenementa,
1629 1832 1834 1881 decimas,
1872 1838 2008 1885 prata,

279 1919 452 1958 pascua,
485 1912 698 1958 pasturas,
732 1905 1018 1953 communias,
1043 1904 1182 1954 ferias,
1206 1905 1437 1954 nundinas,
1469 1911 1674 1954 mercata,
1697 1912 1740 1946 et
1772 1912 1849 1954 tot,
1873 1912 2008 1955 tanta,
2029 1927 2070 1950 20

279 1979 395 2028 talia,
437 1980 604 2027 eadem,
647 1986 689 2019 et
740 1979 992 2032 hujusmodi
1045 1985 1300 2031 potestates,
1347 1978 1724 2031 praescriptiones,
1772 1979 2008 2028 libertates,

278 2052 515 2106 privilegia,
559 2052 837 2101 franchesias,
890 2052 1204 2100 immunitates,
1243 2052 1582 2104 jurisdictiones,
1625 2051 1810 2101 chartas,
1862 2052 2009 2093 literas

278 2133 490 2179 patentes,
535 2126 682 2167 literas
733 2132 936 2179 patentes
989 2125 1365 2178 incorporationis,
1407 2125 1761 2174 consuetudines,
1803 2125 2008 2178 proficua,

278 2199 432 2249 officia,
456 2199 697 2249 officiarios,
728 2200 1048 2253 exemptioneS,
1071 2200 1351 2253 quietantias,
1380 2206 1516 2250 vasta,
1546 2214 1683 2240 vacua
1716 2201 1862 2250 funda,
1891 2215 2008 2241 com-

279 2274 528 2322 moditates,
561 2273 872 2322 emolumenta,
902 2274 1029 2322 bona,
1056 2273 1226 2322 catalla,
1257 2280 1300 2314 et
1331 2273 1686 2314 hereditamenta
1719 2287 2009 2327 quaecunque
2029 2299 2068 2332 25

279 2353 397 2399 quot,
435 2353 612 2400 quanta,
649 2347 807 2400 qualia,
843 2354 885 2387 et
923 2360 1035 2400 quae
1078 2361 1154 2399 per
1191 2347 1331 2388 dictas
1374 2347 1521 2388 literas
1563 2354 1768 2400 patentes
1806 2354 2008 2400 gerentes

278 2421 429 2460 datam
459 2420 578 2461 dicto
606 2420 870 2460 duodecimo
900 2421 970 2460 die
1001 2420 1237 2469 Februarii,
1260 2434 1377 2461 anno
1409 2421 1530 2474 regni
1554 2421 1659 2462 dicti
1691 2421 1825 2474 Regis
1853 2421 2007 2474 Jacobi

281 2493 412 2533 Primi
435 2493 638 2546 Angliae‚
664 2493 917 2542 Franchiae,
941 2499 984 2534 et
1016 2493 1258 2533 Hiberniae
1280 2493 1489 2534 vicesimo
1519 2501 1561 2535 et
1592 2495 1769 2536 Scotiae
1791 2494 2007 2548 quinqua-

278 2566 447 2618 gesimo
483 2572 623 2615 sexto,
656 2579 865 2606 concessa
901 2573 944 2607 et
981 2565 1240 2607 confirmata
1277 2566 1462 2616 fuerunt,
1496 2567 1562 2608 vel
1602 2568 1878 2609 mentionata
1917 2568 2008 2609 fore

278 2652 486 2679 concessa
520 2646 563 2680 et
596 2638 867 2688 confirmata,
890 2645 966 2679 aut
998 2653 1074 2692 per
1106 2639 1274 2693 aliquas
1312 2640 1419 2680 alias
1451 2641 1699 2693 praedictas
1732 2641 1879 2682 literas
1911 2648 2007 2695 pat·
2027 2670 2069 2703 30

278 2719 402 2753 entes
431 2725 648 2761 concessa,
672 2725 746 2752 seu
780 2712 1054 2752 mentionata
1081 2711 1171 2752 fore
1202 2726 1412 2753 concessa
1444 2720 1519 2754 aut
1551 2713 1821 2764 confirmata,
1846 2715 2006 2768 Majori

279 2791 322 2826 et
346 2785 643 2838 Burgensibus
666 2784 794 2824 villae
817 2784 1080 2836 praedictae,
1098 2785 1188 2825 sive
1210 2794 1348 2838 quae2
1371 2786 1517 2839 Major
1540 2793 1583 2827 et
1607 2788 1855 2841 Burgenses
1878 2788 2007 2829 villae

279 2858 540 2911 praedictae,
563 2857 629 2897 vel
662 2857 1020 2910 praedecessores
1052 2858 1128 2907 sui,
1152 2872 1228 2911 per
1253 2859 1549 2912 quodcunque
1581 2873 1742 2901 nomen
1775 2875 1850 2901 seu
1875 2875 2006 2915 quae-

279 2944 451 2984 cunque
480 2930 661 2970 nomina
690 2930 1065 2982 incorporationis,
1090 2937 1192 2971 ante
1214 2931 1381 2972 dictum
1409 2932 1629 2973 decimum
1659 2940 1864 2974 octavum
1888 2935 2005 2975 diem

280 3003 565 3057 Septembris,
589 3016 705 3042 anno
739 3002 859 3055 regni
894 3003 999 3043 dicti
1032 3017 1170 3056 nuper
1205 3004 1339 3057 Regis
1375 3005 1521 3046 Caroli
1558 3006 1750 3048 Secundi
1786 3008 2006 3049 tricesimo
2025 3034 2065 3069 35

279 3083 436 3130 quarto
469 3075 751 3128 supra-dicto,
786 3075 1044 3125 habuerunt,
1076 3083 1320 3127 tenuerunt,
1348 3079 1413 3118 usi
1448 3079 1514 3119 vel
1549 3079 1687 3132 gavisi
1722 3080 1906 3131 suerunt,
1930 3089 2006 3123 aut

278 3154 614 3202 occupaverunt,
657 3154 732 3188 aut
773 3148 945 3198 habere,
983 3156 1140 3199 tenere,
1183 3150 1257 3199 uti,
1299 3151 1366 3191 vel
1409 3152 1601 3204 gaudere
1642 3153 1888 3195 debuerunt
1929 3162 2005 3196 aut

278 3228 515 3276 potuerunt
548 3221 641 3270 sibi,
665 3227 707 3261 et
741 3222 1061 3262 successoribus
1095 3223 1194 3272 suis,
1217 3224 1385 3264 ratione
1417 3231 1492 3266 aut
1524 3232 1757 3278 praetextu
1788 3228 2003 3280 praedict-

278 3310 399 3337 arum
444 3293 732 3348 separalium3
774 3293 994 3335 literarum
1047 3296 1294 3348 patentium
1336 3297 1403 3338 vel
1455 3311 1603 3339 earum
1646 3299 1891 3353 aliquarum
1934 3300 2001 3342 vel
