2164 3804
294 388 350 433 82
557 399 780 433 RECORDS
808 399 869 432 OF
901 399 1002 431 THE
1035 398 1271 432 BOROUGH
1304 397 1366 431 OF
1399 396 1749 431 NOTTINGHAM.
1884 387 2014 441 [1688

295 537 451 573 rorum,
474 523 516 562 in
552 522 726 563 Privato
751 521 945 564 Consilio
968 520 1130 561 factum
1160 526 1203 561 et
1232 520 1313 560 sub
1335 519 1480 572 sigillo
1511 518 1671 559 Privati
1696 517 1876 560 Consilii
1899 531 2018 571 prae-

294 597 407 640 dicti
426 596 590 637 eisdem
616 595 856 648 respective
878 593 1185 648 significatum,
1209 592 1475 633 amovendas
1496 597 1539 632 et
1562 598 1759 632 amotum
1781 597 1824 632 et
1847 597 2019 632 amotos

296 684 391 712 esse
422 669 732 718 declarandos;
765 674 808 709 et
840 668 1012 721 quoties
1045 681 1135 716 nos
1162 666 1345 706 heredes
1378 665 1444 705 vel
1477 678 1745 705 successores
1776 664 1921 713 nostri,
1944 677 2023 717 per

296 744 481 797 aliquem
533 742 661 783 talem
712 741 909 782 ordinem
953 741 995 780 in
1039 741 1215 780 Privato
1257 738 1453 781 Consilio
1494 737 1656 778 factum
1698 737 2020 778 declarabimus

297 816 548 871 hujusmodi
584 815 806 868 Majooem,
847 814 1198 862 Recordatorem,
1234 813 1521 854 Communem
1561 811 1794 860 Clericum,
1828 811 2018 864 aliquem
2062 818 2080 855 5

297 891 364 932 vel
411 890 580 942 aliquos
622 888 677 928 de
718 886 1039 936 Aldermannis,
1082 885 1356 939 Capitalibus
1408 884 1693 934 Consiliariis,
1736 884 2020 932 ConsiliariiS,

299 962 656 1009 CoronatoribuS,
699 960 1048 1001 Vicecomitibus
1097 966 1140 1000 et
1183 957 1451 1001 Camerariis
1491 957 1620 998 villae
1661 958 1905 1010 praedictae
1946 972 2023 1011 pro

297 1043 497 1090 tempore
533 1034 832 1083 existentibus,
869 1046 944 1073 seu
981 1045 1130 1073 eorum
1168 1032 1358 1084 aliquem
1396 1030 1462 1071 vel
1501 1031 1682 1083 aliquos,
1717 1030 1808 1071 fore
1843 1037 1886 1072 et
1928 1044 2022 1071 esse

298 1117 494 1151 amotum
531 1115 574 1149 et
610 1114 782 1147 amotos
820 1120 845 1147 a
880 1105 1130 1159 respectivis
1167 1104 1320 1145 officiis
1358 1104 1457 1154 suis,
1480 1104 1598 1157 quod
1636 1110 1740 1144 tunc
1777 1110 1820 1144 et
1856 1110 2021 1144 extunc

299 1184 454 1237 Major,
511 1182 792 1229 Recordator,
837 1180 1091 1222 Communis
1140 1178 1348 1227 Clericus,
1391 1177 1716 1218 Aldermannus
1757 1177 1825 1217 vel
1867 1176 2021 1217 Alder-
2045 1191 2084 1214 10

296 1257 455 1306 manni,
483 1255 701 1308 Capitales
734 1254 1005 1303 Consiliarz'i,
1034 1252 1291 1302 Consiliarii,
1325 1252 1624 1301 coronatores,
1659 1252 1952 1293 vicecomites
1979 1259 2021 1293 et

299 1329 548 1373 Camerariz'
578 1328 707 1368 villae
745 1327 990 1380 praedictae
1026 1340 1102 1379 pro
1134 1333 1334 1379 tempore
1367 1326 1604 1366 existentes
1633 1326 1694 1365 sie
1726 1332 1922 1367 amotum
1955 1326 2021 1367 vel

296 1410 469 1445 amotos
511 1416 604 1442 esse
646 1400 864 1441 declarati
900 1399 966 1440 vel
1005 1399 1272 1448 declarandi,
1310 1413 1335 1439 a
1376 1399 1648 1452 separalibus
1685 1405 1729 1440 et
1770 1400 2022 1453 respectivis

295 1476 448 1517 officiis
485 1475 573 1515 suis
610 1475 705 1527 ipso
738 1473 851 1514 facto
888 1480 930 1513 et
964 1472 1057 1513 sine
1090 1472 1179 1512 ullo
1212 1472 1411 1513 ulteriori
1444 1485 1647 1525 processu
1685 1472 1861 1513 realiter
1890 1479 1932 1514 et
1966 1473 2021 1514 ad

294 1550 446 1590 omnia
481 1548 747 1589 intentiones
780 1553 823 1587 et
857 1546 1082 1599 proposita
1114 1559 1395 1599 quaecunque
1428 1546 1564 1586 amoti
1599 1546 1686 1586 sint
1721 1552 1765 1586 et
1797 1553 1954 1595 erunt,¹
1979 1552 2022 1587 et
2047 1560 2082 1595 15

296 1630 470 1665 amotus
502 1623 558 1663 sit
590 1629 633 1662 et
665 1621 771 1671 erit3
804 1627 847 1661 et
879 1620 962 1660 hoc
985 1620 1157 1673 quoties
1190 1633 1315 1660 casus
1347 1620 1408 1660 sic
1441 1619 1659 1668 acciderit,
1683 1619 1830 1672 aliquo
1853 1619 1894 1659 in
1922 1632 2024 1660 con-

297 1697 477 1739 trarium
501 1696 602 1736 inde
625 1708 711 1735 non
735 1694 961 1743 obstante;
995 1707 1043 1734 ae
1067 1693 1230 1734 adtunc
1254 1699 1296 1734 et
1320 1693 1362 1733 in
1386 1693 1463 1735 tali
1487 1706 1602 1743 casu,
1626 1693 1738 1734 infra
1759 1693 2026 1734 conveniens

296 1778 472 1823 tempus
496 1776 594 1823 post
617 1767 873 1822 hujusmodi
897 1767 1170 1808 amotionem
1194 1767 1260 1807 vel
1283 1767 1543 1817 amotiones,
1562 1767 1646 1808 alia
1663 1767 1818 1808 idonea
1840 1781 2026 1820 persona

296 1844 362 1885 vel
401 1844 578 1883 idoneae
615 1855 824 1895 personae
861 1841 902 1881 in
942 1841 1086 1881 locum
1124 1847 1167 1881 et
1204 1840 1411 1891 officium,
1434 1841 1525 1881 sive
1556 1841 1652 1881 loca
1683 1841 1926 1894 respectiva
1958 1841 2024 1882 vel

296 1917 453 1966 officia,
476 1916 730 1970 hujusmodi
762 1928 971 1968 personae
993 1915 1059 1955 vel
1089 1927 1373 1968 personarum
1396 1915 1457 1955 sic
1481 1920 1654 1955 amotae
1676 1914 1742 1955 vel
1774 1920 2022 1955 amotarum
2044 1928 2087 1951 20

296 1991 480 2044 eligetur
502 1996 546 2030 et
568 1989 870 2037 constituetur,
893 1988 1110 2040 eligentur
1135 1994 1178 2029 et
1200 1988 1533 2038 constituentur,
1557 1995 1599 2030 et
1622 1988 1722 2041 eligi
1752 1995 1795 2029 et
1817 1988 2024 2029 constitui

296 2066 434 2118 possit
458 2071 500 2105 et
525 2063 704 2116 possint,
728 2062 964 2102 secundum
988 2068 1184 2102 tenorem
1216 2068 1258 2102 et
1281 2062 1704 2115 appunetuatz'onem
1734 2062 1891 2103 harum
1915 2062 2024 2102 liter-

298 2153 419 2181 arum
444 2138 702 2192 patentium.

384 2212 603 2254 Volumus
634 2211 777 2259 etiam,
801 2210 913 2263 quod
946 2210 979 2249 si
1010 2210 1250 2263 aliquando
1278 2210 1576 2263 imposterum,
1601 2209 1712 2250 infra
1743 2210 1898 2263 viginti
1931 2209 2024 2250 dies

298 2293 397 2341 post
439 2285 693 2339 hujusmodi
737 2284 1010 2324 amotionem
1053 2283 1119 2324 vel
1168 2284 1417 2325 amotiones
1460 2284 1656 2337 Majoris,
1701 2283 2085 2334 Rec01·dator2s,25

297 2361 703 2406 Aldermaunorum,
724 2357 991 2410 Capitalium
1026 2357 1395 2408 Consiliariorum,
1420 2357 1788 2407 Consiliarz‘orum,
1813 2358 2026 2400 Coronat-

298 2447 433 2483 orum,
456 2432 792 2480 Viceeomitum,
818 2437 861 2471 et
895 2431 1245 2473 Camerariorum
1278 2432 1407 2473 villae
1438 2433 1684 2486 praedictae
1714 2446 1793 2485 pro
1824 2438 2023 2485 tempore

299 2508 597 2555 existentium,
616 2505 797 2558 alicujus
820 2505 887 2545 vel
918 2505 1162 2558 aliquorum
1193 2518 1353 2555 eorum,
1377 2506 1433 2547 ab
1454 2505 1609 2546 officiis
1638 2505 1726 2546 suis
1756 2504 2022 2558 respectivis,

301 2588 376 2623 aut
409 2586 718 2635 post-mortem
753 2579 1006 2627 eorundem,
1038 2579 1105 2619 vel
1138 2579 1382 2632 aliquorum
1420 2592 1581 2629 eorum,
1613 2592 1704 2628 nos,
1736 2578 1926 2627 heredes,
1958 2577 2024 2618 vel

301 2667 571 2696 successores
613 2652 753 2701 nostri,
795 2665 873 2705 per
911 2651 1054 2692 literas
1096 2653 1396 2694 mandatorias
1437 2653 1519 2693 sub
1560 2652 1704 2705 sigillo
1744 2651 1810 2692 vel
1853 2651 2026 2704 signeto
2046 2671 2088 2704 30

305 2727 505 2769 manuali
538 2732 690 2774 nostro,
713 2725 922 2765 heredum
960 2725 1026 2766 vel
1064 2739 1354 2766 successorum
1392 2733 1643 2776 nostrorum,
1676 2725 1848 2779 Majori,
1871 2724 2025 2765 Alder-

302 2803 484 2852 mannis,
507 2807 550 2842 et
575 2799 869 2853 Burgensibus
891 2799 1019 2839 villae
1041 2800 1285 2852 praedictae
1309 2814 1387 2854 pra
1408 2807 1609 2854 tempore
1637 2798 1936 2848 existentibus,
1958 2798 2025 2839 vel

304 2876 521 2930 aliquibus
544 2886 704 2922 eorum,
729 2873 1080 2926 praeceperimus
1102 2873 1262 2927 eligere
1284 2881 1326 2915 et
1350 2874 1583 2915 admittere
1605 2879 1648 2914 et
1671 2873 1812 2926 pirare
1833 2872 2025 2925 aliquam

305 2946 575 3005 [personam]
598 2947 665 2988 vel
689 2946 856 2999 aliquas
879 2960 1087 2999 personas
1112 2947 1155 2987 in
1178 2947 1343 2988 eisdem
1374 2948 1503 2988 literis
1534 2946 1826 2988 mandatoriis
1855 2945 2025 2986 nomin-

304 3031 400 3064 atas
430 3022 485 3063 ad
518 3028 561 3061 et
593 3021 635 3060 in
668 3019 890 3073 separalia
919 3021 1161 3073 respectiva
1190 3020 1334 3061 officia
1363 3027 1406 3062 et
1435 3021 1541 3069 loca,
1564 3019 1755 3060 officium
1779 3019 1845 3060 vel
1869 3019 2024 3067 locum,
2044 3035 2084 3070 35

303 3095 485 3149 alicujus
507 3107 716 3148 personae
737 3093 803 3133 vel
828 3106 1110 3146 personarum
1132 3093 1192 3133 sic
1216 3101 1388 3134 amotae
1409 3094 1475 3134 vel
1499 3100 1757 3142 amotarum,
1780 3093 1892 3146 quod
1916 3098 2020 3133 tunc

303 3176 346 3211 et
368 3168 498 3210 toties
520 3167 733 3220 quaelibet
763 3179 949 3219 persona
977 3166 1037 3206 sic
1060 3167 1286 3207 nominata
1316 3168 1357 3207 in
1388 3167 1546 3208 talibus
1574 3167 1704 3207 literis
1734 3164 2026 3206 mandatoriis

303 3243 499 3295 eligetur,
521 3240 791 3287 admittetur,
814 3246 856 3280 et
887 3239 1055 3292 juretur
1089 3240 1129 3279 in
1166 3240 1309 3280 locum
1345 3241 1434 3281 sive
1467 3240 1658 3281 officium
1693 3240 1734 3280 in
1770 3239 1872 3280 villa
1905 3251 2024 3291 prae-

303 3316 421 3357 dicta
444 3315 485 3355 in
509 3313 576 3355 vel
600 3313 653 3353 ad
677 3313 793 3369 quod
818 3326 893 3367 per
915 3312 1020 3353 tales
1042 3313 1182 3354 literas
1213 3314 1515 3356 mandatorias
1537 3320 1704 3356 nostras
1733 3313 1958 3354 nominata
1981 3316 2024 3351 et
