2164 3804
259 369 311 420 56
517 377 738 410 RECORDS
766 377 827 410 OF
859 379 960 410 THE
992 377 1229 411 BOROUGH
1262 377 1323 410 OF
1357 376 1707 410 NOTTINGHAM.
1847 366 1976 420 [1682

255 499 374 548 alios,
398 499 453 540 de
483 498 756 552 Capitalibus
787 500 1062 542 Consiliariz's
1092 499 1220 541 villae
1247 498 1490 552 praedictae
1515 498 1557 538 in
1585 497 1651 538 his
1680 496 1980 550 praesentibus

255 579 412 626 postea
442 573 684 613 nominatis
715 574 758 614 in
792 573 899 623 loco,
926 573 1017 614 sive
1048 573 1165 622 locis,
1188 573 1333 626 ipsiuS,
1356 572 1424 613 vel
1457 572 1659 625 ipsorum,
1683 569 1980 619 Aldermanni,

255 646 321 687 vel
356 646 763 697 Aldermaunorum,
787 647 916 688 villae
949 648 1203 701 praedictae,
1226 647 1286 687 sic
1320 646 1428 687 mori
1457 646 1525 686 vel
1558 645 1750 686 amoveri
1780 645 1980 698 conting-

255 720 433 769 entium,
466 719 636 773 eligere,
669 720 908 770 nominare,
939 727 983 762 et
1016 719 1256 774 praeficere,
1291 720 1346 760 ad
1380 719 1676 773 supplendum
1713 719 1981 772 praedictum

256 807 484 834 numerum
507 807 587 834 sex
611 794 1006 835 Aldermauuorum
1029 794 1157 835 villae
1187 794 1455 847 praedictae;
1488 793 1686 849 quodque
1707 793 1777 833 ille
1799 793 1889 833 sive
1911 792 1982 842 illi,

256 868 316 907 sic
348 874 395 908 ut
428 867 677 920 praefertur,
701 869 756 909 ad
789 868 982 910 officium
1009 868 1293 909 Aldermatzni
1327 867 1393 908 vel
1427 867 1821 908 Aldermanuorum
1854 865 1983 906 villae

257 941 504 994 praedictae
537 941 700 982 electus
735 948 777 983 et
811 941 1064 995 praefectuS,
1095 941 1220 982 electi
1255 948 1298 982 et
1332 940 1552 994 praefecti,
1579 940 1659 981 erit
1693 946 1735 980 et
1769 945 1895 980 erunt
1928 939 1983 979 de

257 1027 440 1055 numero
472 1015 789 1068 praedictorum
822 1029 901 1056 sex
931 1015 1329 1056 Aldermanuorum
1361 1014 1490 1055 villae
1522 1014 1792 1067 praedictam
1824 1019 1868 1054 et
1899 1013 1983 1054 hoc

257 1088 312 1128 de
334 1094 534 1142 tempore
556 1089 598 1129 in
623 1096 797 1143 tempus
821 1090 951 1131 toties
974 1090 1146 1143 quoties
1169 1103 1294 1129 casus
1316 1089 1377 1129 sic
1399 1089 1616 1129 acciderit.

344 1161 685 1215 Assignavimus
726 1164 871 1212 etiam,
914 1163 1250 1212 nominavimus,
1287 1163 1541 1213 creavimus,
1583 1163 1904 1213 constituimus,
1941 1170 1984 1205 et

257 1234 449 1284 fecimus,
491 1249 541 1276 ac
583 1250 661 1289 per
699 1244 948 1289 praesentes
990 1251 1067 1290 pro
1108 1238 1245 1285 nobis,
1287 1237 1521 1277 heredibus
1573 1243 1616 1277 et
1662 1238 1984 1279 successoribus

257 1309 424 1357 nostris,
462 1310 751 1362 assignamus,
789 1311 1080 1360 nominamus,
1119 1324 1328 1360 creamus
1367 1311 1688 1360 constituimus,
1721 1318 1763 1352 et
1801 1311 1984 1353 facimus

256 1381 436 1422 dilectos
486 1383 613 1423 nobis
668 1384 954 1424 Edmundum
999 1385 1167 1434 Mabot,
1210 1384 1476 1425 VVillelmum
1521 1385 1689 1434 Mabot,
1735 1385 1981 1426 Robertum

257 1455 462 1505 Coulson‚
490 1456 730 1509 Hugonem
755 1457 945 1507 &Valken
969 1458 1234 1498 &Villelmum
1263 1458 1431 1510 Hardy,
1450 1458 1736 1499 vincentium
1761 1459 1983 1513 Beverley,

256 1529 462 1570 Carolum
497 1530 748 1580 Chadwick,
782 1531 1047 1572 XVillelmum
1084 1532 1259 1581 Unwin,
1293 1532 1509 1572 Francum
1545 1532 1708 1586 Sulley,
1735 1533 1982 1574 Robertum

257 1603 410 1653 Peach,
431 1604 677 1645 Samuelem
704 1605 877 1654 Hooke‚
903 1606 1180 1659 Stephanum
1206 1607 1405 1655 Broome,
1427 1606 1696 1647 Edwardum
1721 1606 1983 1657 NVilkinson,

252 1676 467 1729 Jacobum
506 1677 692 1727 Villiers,
730 1679 978 1720 Robertum
1017 1680 1261 1733 &Vorthleyz
1295 1679 1560 1722 willelmum
1595 1681 1878 1731 NVoolhouse,
1908 1681 1983 1735 Jo-

253 1749 444 1790 hanuem
470 1750 636 1804 Malyn,
660 1758 703 1792 et
724 1752 972 1804 Jolmnnem
996 1754 1183 1807 Whitby
1207 1754 1297 1795 fore
1321 1762 1363 1797 et
1387 1771 1482 1797 esse
1505 1757 1740 1796 modernos
1765 1755 1985 1809 Capitales

255 1823 536 1864 Consiliarios
567 1825 696 1865 villae
729 1826 985 1878 praedictae,
1009 1828 1328 1870 continuandos
1356 1830 1397 1870 in
1429 1831 1595 1871 eisdem
1625 1829 1785 1870 officzis
1805 1830 1967 1870 durant

255 1895 348 1936 ibus
379 1897 478 1937 vitis
510 1898 598 1938 suis
631 1900 901 1941 naturalibus
932 1902 1184 1954 respective,
1208 1903 1290 1943 nisi
1317 1903 1490 1944 interim
1519 1918 1595 1957 pro
1625 1904 1763 1944 mala1
1791 1903 1982 1957 gubern-

254 1971 404 2011 atione
432 1971 523 2012 sive
553 1972 668 2013 male
696 1987 741 2014 se
771 1975 962 2027 gerendo
987 1975 1028 2015 in
1056 1975 1216 2016 officiis
1243 1977 1331 2017 suis
1354 1978 1597 2030 praedictzlr,
1621 1983 1696 2018 aut
1729 1991 1805 2030 pro
1837 1977 1984 2030 aliqua

253 2044 342 2084 alia
377 2058 509 2085 causa
545 2046 809 2096 rationabili,
847 2048 990 2089 amoti
1024 2048 1193 2098 fuerint,
1232 2056 1308 2091 aut
1344 2065 1492 2091 eorum
1531 2051 1675 2104 aliqui,
1709 2050 1775 2091 vel
1815 2050 1982 2103 aliquis,

253 2126 428 2159 amotus
460 2119 551 2168 erit,
574 2119 641 2160 vel
674 2121 810 2162 amoti
844 2128 980 2162 erunt.
1044 2123 1102 2163 Et
1125 2123 1305 2164 ulterius
1328 2125 1541 2173 volumus,
1564 2138 1613 2164 ac
1638 2138 1715 2177 per
1734 2130 1982 2177 praesentes

253 2207 330 2246 pro
366 2194 505 2242 nobis,
540 2193 772 2235 heredibus
814 2203 857 2236 et
894 2197 1217 2238 successoribus
1255 2199 1422 2248 nestris,
1457 2199 1741 2239 concedimus
1778 2197 1985 2250 praefatis

254 2267 424 2320 Majori,
443 2267 750 2309 Aldermamzis
779 2277 822 2310 et
847 2271 1144 2324 Burgensibus
1167 2272 1296 2312 villae
1319 2273 1571 2326 praedictae,
1595 2279 1638 2313 et
1660 2272 1982 2312 successoribus

252 2343 340 2383 suis
363 2344 700 2397 imperpetuum,
724 2346 848 2398 quod,
872 2347 1223 2400 quandocunque
1244 2347 1478 2400 contigerit
1507 2347 1699 2400 aliquem
1723 2346 1789 2387 vel
1813 2346 1982 2399 aliquos

252 2417 307 2456 de
337 2416 611 2469 Capitalibus
640 2418 915 2459 Consiliarz'is
940 2420 1068 2460 villae
1097 2421 1350 2473 praedictae,
1373 2435 1449 2461 seu
1482 2421 1652 2474 aliquos
1684 2434 1981 2460 successorum

252 2504 440 2539 suorum,
475 2490 605 2540 obire,
641 2498 716 2532 aut
750 2492 805 2532 ab
840 2492 998 2533 officiis
1030 2494 1119 2533 suis
1156 2494 1424 2546 Capitalz'um
1461 2493 1820 2535 Consiliariorum
1854 2493 1983 2533 villae

252 2564 495 2617 praedictae
525 2566 900 2619 amoveri,-—quos
930 2567 1105 2620 quidem
1141 2569 1361 2622 Capitales
1393 2569 1674 2611 Consiliarios
1704 2568 1832 2608 villae
1864 2582 1981 2621 prae-

252 2638 394 2678 dictae
440 2652 516 2690 pro
558 2645 756 2692 tempore
807 2641 1057 2692 existentes,
1104 2642 1172 2683 vel
1214 2656 1482 2683 successores
1532 2657 1644 2692 suos
1692 2642 1782 2682 sive
1832 2655 1981 2683 eorum

251 2711 454 2766 aliquem,
478 2712 543 2753 vel
580 2713 760 2766 aliquos,
791 2728 836 2755 se
871 2729 958 2756 non
993 2716 1105 2757 bene
1139 2723 1371 2769 gerentem,
1402 2724 1477 2758 aut
1509 2723 1722 2770 gerentes
1747 2716 1789 2757 in
1824 2715 1984 2756 officiis

251 2786 337 2826 illis
355 2787 562 2827 amobiles
579 2801 674 2828 esse
692 2788 893 2829 volumus
918 2791 972 2830 ad
996 2790 1108 2831 bene
1131 2791 1343 2844 placitum
1368 2791 1563 2844 Majoris,
1582 2791 1980 2832 Aldermaunorum

252 2866 296 2900 et
320 2861 657 2902 Communium2
681 2863 1039 2904 Consiliarz'orum
1069 2865 1197 2904 villae
1229 2865 1474 2918 praedictae
1505 2879 1584 2918 pro
1616 2872 1816 2918 tempore
1845 2863 1981 2907 exist-

253 2933 430 2983 entium,
461 2934 527 2974 vel
564 2935 744 2988 majoris
776 2937 914 2989 partis
943 2939 1178 2978 eorundem
1212 2939 1416 2992 (quorum
1452 2938 1663 2991 Majorem
1698 2939 1828 2979 villae
1862 2953 1980 2992 prae-

253 3007 393 3047 dictae
427 3022 503 3060 pro
537 3015 735 3061 tempore
768 3010 1028 3052 existentem
1063 3025 1197 3052 unum
1232 3026 1327 3052 esse
1360 3012 1768 3065 volumus),—quod
1801 3019 1905 3053 tunc
1937 3018 1980 3054 et

252 3080 382 3121 toties
416 3081 528 3121 bene
562 3082 689 3123 liceat
724 3090 766 3123 et
800 3083 947 3125 licebit
981 3085 1188 3138 praefatis
1221 3085 1394 3138 Major2,
1418 3085 1737 3135 Aldermamtis,
1764 3092 1808 3126 et
1842 3086 1979 3138 Burg-

251 3154 429 3195 ensibus
461 3155 589 3195 villae
623 3157 867 3209 praedictae
900 3172 977 3210 pro
1012 3164 1212 3211 tempore
1246 3159 1546 3208 existentibus,
1581 3166 1624 3199 et
1660 3159 1981 3200 successoribus

251 3227 350 3277 suis,
372 3228 439 3268 vel
463 3228 625 3281 majori
643 3231 764 3282 parti
788 3232 1026 3272 eorundem
1051 3232 1255 3285 (quorum
1286 3232 1497 3285 Majorem
1523 3246 1600 3285 pro
1622 3239 1822 3285 tempore
1843 3232 1978 3273 exist-

251 3307 391 3342 entem
424 3315 558 3342 unum
591 3316 685 3343 esse
717 3303 950 3357 volumus),
973 3318 1107 3345 unum
1143 3305 1289 3355 alium,
1312 3305 1379 3346 vel
1414 3305 1564 3358 plures,
1588 3305 1643 3345 de
1681 3305 1978 3358 Burgensibus

2007 1180 2045 1204 10

2007 1552 2043 1587 15

2002 1924 2045 1948 20

2002 2296 2041 2331 25

2001 2667 2043 2700 30

2000 3035 2040 3071 35
