2164 3804
291 387 343 427 28
553 394 774 427 RECORDS
803 394 864 427 OF
897 395 997 426 THE
1030 394 1267 428 BOROUGH
1300 394 1361 427 OF
1395 393 1745 427 NOTTINGHAM.
1885 384 2013 438 [1663

967 519 1085 569 1645,
1109 517 1289 571 August
1314 527 1346 569 5.

377 607 534 651 Clerico
584 608 647 648 ad
695 607 873 649 Statum
919 608 1444 661 elegendo.·—-CAROLUS‚
1494 607 1576 647 Dei
1624 607 1767 660 gratia
1812 605 2016 660 Angliae‚

287 682 476 731 Scotiae,
509 682 720 723 Franciae
753 689 796 723 et
832 681 1073 722 Hiberniae
1104 682 1216 731 Rex,
1248 681 1371 722 Fidei
1406 680 1635 731 Defensor,
1658 687 1748 730 eto,
1780 679 1939 734 Majori
1973 685 2017 721 et

287 756 587 809 Burgensibus
609 756 738 796 villae
762 755 1143 809 Nottinghamiae‚
1167 755 1368 796 salutem.

372 830 490 885 Quia
512 844 569 871 ex
594 830 755 871 Relatu
779 829 969 870 virorum
994 829 1244 883 accepimus
1263 829 1381 883 quod
1407 829 1628 870 Robertus
1652 829 1856 878 Greaves,
1880 841 2018 881 nuper

284 904 339 945 de
375 904 478 945 villa
519 903 756 958 praedicta,
793 917 1043 957 generosus,
1082 903 1154 957 qui
1193 904 1440 944 custodiam
1485 903 1664 944 minoris
1702 902 1853 956 peciae
1888 901 2017 955 sigilli

279 978 413 1032 juxta
435 978 621 1019 formam
653 977 819 1020 Statuti
843 977 920 1018 de¹
945 977 1095 1018 Acton
1129 978 1305 1018 Burnell
1335 978 1452 1028 editi,
1476 978 1518 1018 in
1549 978 1703 1018 eadem
1727 976 1829 1018 villa
1858 976 2016 1029 accipi-

284 1053 385 1093 endi
423 1052 623 1106 deputati
657 1052 750 1105 jam
784 1051 950 1101 habet,2
983 1051 1024 1091 in
1059 1051 1161 1092 villa
1198 1052 1424 1105 praedicta
1461 1065 1630 1092 moram
1666 1065 1753 1091 non
1793 1050 1907 1100 facit,
1941 1064 2018 1104 per

284 1127 402 1180 quod
433 1127 488 1167 ad
522 1141 573 1167 ea
604 1140 717 1180 quae
749 1126 804 1166 ad
837 1125 1030 1166 officium
1063 1139 1190 1166 suum
1222 1126 1445 1179 pertinent
1474 1126 1515 1166 in
1547 1126 1629 1166 hac
1659 1131 1783 1179 parte
1815 1124 2017 1165 facienda

284 1201 512 1242 intendere
549 1214 636 1241 non
673 1206 832 1254 potest,
865 1200 907 1239 in
943 1200 1241 1240 Mercatorum
1277 1206 1320 1241 et
1355 1200 1539 1240 aliorum
1575 1200 1631 1240 ad
1666 1199 1831 1240 dictam
1864 1198 2014 1239 villam

284 1275 599 1316 confluentium
623 1274 906 1328 dispendium
931 1288 1017 1314 non
1044 1275 1266 1314 modicum
1291 1281 1335 1315 et
1358 1287 1609 1327 gravamen.

370 1349 510 1391 Vobis
544 1349 809 1389 mandamus
841 1348 960 1401 quod
993 1348 1027 1388 si
1061 1348 1122 1388 ita
1155 1354 1231 1397 est,
1259 1355 1363 1389 tunc
1397 1348 1494 1388 loco
1527 1347 1662 1401 ipsius
1698 1347 1882 1388 Roberti
1915 1346 2016 1400 eligi

284 1424 452 1466 faciatis
475 1438 611 1465 unum
635 1424 768 1464 alium
793 1423 1017 1463 hominem
1042 1423 1097 1463 de
1115 1423 1218 1463 villa
1240 1423 1466 1476 praedicta
1485 1423 1558 1476 qui
1582 1423 1636 1463 ad
1656 1423 1819 1463 dictam
1845 1422 2015 1475 peciam

283 1498 618 1540 custodiendam
653 1504 696 1538 et
725 1498 779 1538 ad
813 1511 864 1537 ea
891 1510 1004 1550 quae
1036 1497 1091 1538 ad
1125 1497 1244 1537 illam
1278 1497 1525 1538 custodiam
1560 1497 1782 1550 pertinent
1815 1497 2017 1538 facienda

285 1572 439 1613 melius
463 1572 571 1613 sciat
594 1578 637 1613 ct
660 1571 800 1625 possit
823 1571 1063 1621 intendere,
1086 1577 1129 1612 et
1152 1584 1232 1611 nos
1255 1571 1309 1612 de
1332 1571 1636 1612 nominatione
1663 1571 1777 1611 illius
1800 1584 1931 1624 quem
1955 1571 2016 1611 sic

284 1646 492 1700 eligeritis
521 1646 603 1687 sub
635 1646 859 1687 communi
893 1645 1037 1699 sigillo
1059 1652 1206 1687 vestro
1237 1646 1445 1687 distincto
1477 1652 1520 1687 et
1552 1653 1655 1699 apte
1687 1646 1780 1686 sine
1803 1645 2016 1686 dilatione

284 1720 479 1761 reddatis
503 1720 719 1770 certiores,
742 1720 826 1761 hoc
856 1720 986 1760 breve
1017 1720 1143 1760 nobis
1173 1720 1459 1761 remittentes,
1522 1721 1656 1761 Teste
1680 1733 1749 1760 me
1779 1720 1875 1773 ipso
1899 1720 2015 1773 apud

286 1794 746 1844 westmonasterium,
784 1794 940 1848 quinto
977 1795 1047 1835 die
1081 1794 1287 1847 Augusti,
1325 1808 1442 1835 anno
1480 1794 1601 1847 regni
1639 1794 1775 1835 nostri
1808 1794 2016 1834 vicesimo

287 1869 439 1922 primo.
1816 1868 2015 1908 &Vatson

1727 1954 1848 1994 3419,
1873 1942 1925 1983 fo-
1948 1951 2014 1994 45-

313 2224 656 2265 V111.—Gusmt
677 2230 715 2263 lo
741 2223 900 2276 George
926 2222 1115 2275 Grcgmy
1136 2223 1190 2274 of
1200 2237 1227 2262 a
1249 2223 1363 2263 Fczir
1380 2229 1428 2263 at
1448 2223 1622 2274 Lcnloaz,
1644 2238 1695 2264 012
1728 2224 1989 2276 IVcdncsday

593 2298 637 2338 in
673 2297 872 2338 ll'lcz’lsun
908 2296 1039 2346 IVcck,
1062 2297 1243 2348 andsoz'
1260 2297 1331 2337 six
1349 2298 1455 2350 days
1465 2298 1706 2351 following.

928 2388 1046 2438 1663,
1070 2387 1325 2427 November
1347 2399 1382 2438 9.

371 2479 500 2520 ³Rex
523 2477 727 2519 omnibus
751 2477 804 2517 ad
829 2490 950 2530 quos
973 2483 1064 2526 eto,
1087 2477 1285 2518 salutem.

373 2557 485 2598 Cum
509 2569 585 2609 per
607 2554 831 2608 quandam
857 2553 1195 2606 Inquisitionem
1214 2554 1269 2594 de
1293 2554 1506 2594 mandato
1529 2560 1680 2594 nostro
1697 2560 1875 2607 captam
1899 2555 2016 2607 apud

284 2631 321 2671 le
354 2630 484 2671 Slcire
515 2629 631 2669 Hall
657 2628 699 2668 in
734 2627 960 2669 Comitatu
994 2633 1145 2668 nostro
1179 2627 1547 2680 Nottinghamiae
1579 2628 1752 2668 decimo
1784 2635 1915 2669 sexto
1947 2629 2017 2669 die

286 2704 405 2753 Maii,
429 2715 546 2744 anno
574 2702 694 2754 regni
725 2701 861 2742 nostri
892 2700 1066 2741 decimo
1095 2700 1261 2753 quinto,
1289 2702 1330 2741 in
1356 2701 1488 2743 Curia
1511 2702 1812 2743 Cancellariae
1843 2708 2018 2743 nostrae

285 2777 583 2826 certificatam‚
621 2782 665 2817 et
706 2775 869 2816 ibidem
914 2775 1048 2815 modo
1090 2775 1145 2815 de
1187 2775 1368 2815 recordo
1411 2782 1726 2826 remanentem,
1763 2790 1840 2829 per
1876 2790 2017 2816 sacra-

286 2859 484 2894 mentum
517 2850 751 2892 duodecim
785 2849 1022 2902 proborum
1056 2855 1099 2890 et
1132 2848 1338 2902 legalium
1369 2849 1598 2890 hominum
1631 2850 1865 2892 Comitatis
1895 2865 2017 2904 prae-

285 2928 429 2968 dictae
452 2931 726 2978 compertum
751 2923 914 2973 existit,
937 2924 1056 2977 quod
1080 2937 1166 2964 non
1191 2924 1271 2965 erit
1293 2924 1348 2964 ad
1372 2925 1617 2978 dampnum
1636 2925 1703 2966 vel
1727 2925 2016 2979 prejudicium

286 3008 484 3043 nostrum
508 3005 583 3040 aut
606 2999 801 3047 aliorum,
825 2997 891 3038 vel
916 2998 970 3038 ad
994 3003 1311 3038 nocumentum
1336 2997 1581 3051 aliquarum
1604 2999 1845 3040 vicinarum
1876 3001 2017 3041 nund—

285 3076 457 3116 inarum
494 3073 585 3114 sive
621 3071 836 3120 feriarum,
875 3070 908 3110 si
947 3071 1242 3111 concedamus
1281 3071 1473 3124 Georgio
1511 3072 1754 3125 Gregorie‚4
1791 3086 2016 3126 generoso,

286 3148 549 3190 haeredibus
586 3152 629 3186 et
665 3143 901 3197 assignatis
938 3144 1038 3193 suis,
1076 3144 1194 3197 quod
1233 3144 1337 3197 ipse,
1374 3145 1586 3186 haeredes
1624 3152 1666 3186 et
1703 3146 1914 3199 assignati
1951 3147 2016 3187 sui

352 3289 361 3305 ¹
387 3288 448 3319 See
465 3291 542 3317 note
560 3293 589 3326 3,
609 3295 640 3326 p.
662 3284 712 3315 26.
1284 3287 1295 3306 3
1320 3284 1418 3315 From
1446 3295 1465 3315 a
1492 3294 1576 3326 copy
1599 3295 1642 3316 on
1670 3295 1783 3326 paper,
1810 3285 1917 3317 stated
1941 3285 1973 3316 in
1997 3296 2017 3316 a

351 3344 363 3360 ἲ
388 3342 449 3374 See
466 3346 542 3372 note
559 3349 590 3379 4,
610 3350 641 3381 p.
663 3345 713 3377 27.
1218 3339 1468 3370 memorandum
1499 3345 1531 3371 at
1568 3339 1623 3371 the
1653 3340 1723 3371 foot
1754 3345 1788 3372 to
1818 3340 1901 3372 have
1932 3341 2015 3372 been

2041 1292 2079 1314 10

2040 1665 2076 1699 15

2036 2500 2078 2523 20

2037 2872 2076 2907 25
