2164 3804
260 371 312 408 88
517 378 737 412 RECORDs
769 379 831 412 OF
863 378 964 410 THE
996 377 1231 410 BOROUGH
1265 377 1325 409 OF
1361 375 1710 408 NOTTINGHAM.
1850 366 1981 418 [1692

260 498 356 539 ibus
379 499 712 554 quibuscunque
744 501 800 541 ad
833 499 1010 552 aliquod
1044 505 1219 550 tempus
1243 497 1308 538 vel
1342 503 1543 549 tempora
1574 495 1792 535 concessis
1825 495 1892 544 ad,
1914 494 1982 535 vel

260 572 421 624 gavisis
454 587 540 626 per,
564 574 743 614 eosdem
778 574 996 627 Majorem
1030 578 1072 612 et
1106 572 1363 623 Burgenses,
1386 569 1453 609 vel
1477 569 1836 622 praedecessores
1867 581 1980 617 suos,

262 645 329 684 vel
363 645 531 698 aliquos
564 660 725 696 eorum,
756 646 973 699 aliquibus
1007 645 1086 685 viis
1119 650 1193 684 aut
1227 643 1370 683 modis
1402 642 1469 682 vel
1502 655 1579 694 per
1610 641 1788 694 aliquod
1821 654 1982 681 nomen

262 718 354 758 sive
395 720 577 760 nomina
613 733 927 773 quaecunque;
974 732 1053 758 nec
1095 731 1183 758 non
1221 718 1352 770 quod,
1389 723 1480 757 tam
1524 716 1693 756 ratione
1733 716 1984 768 praedictae

262 798 524 844 praetensae
557 793 852 833 concessionis
887 799 930 832 et
964 804 1134 831 sursum
1170 789 1438 838 redditionis,
1471 802 1604 841 quam
1639 795 1875 841 praetextu
1908 801 1984 828 seu
2026 791 2045 828 5

263 864 407 905 colore
429 865 698 906 diversarum
722 872 940 906 cartarum
971 865 1060 904 sive
1089 864 1311 904 literarum
1342 862 1589 915 patentium
1620 861 1985 914 incorporationis

263 938 585 989 praedictarum
613 952 689 991 per
711 952 850 991 nuper
880 939 1049 990 Regem
1074 936 1281 978 Carolum
1313 935 1567 977 Secundum
1592 948 1641 975 ac
1671 948 1747 987 per
1767 934 1984 987 Jacobum

264 1011 518 1052 Secundum
555 1026 694 1065 nuper
732 1013 899 1064 Regem
939 1011 1152 1051 factarum
1191 1016 1233 1049 et
1269 1022 1588 1058 concessarum,
1611 1021 1686 1048 seu
1720 1008 1986 1049 mentionat-

263 1096 385 1123 arum
410 1083 500 1124 fore
532 1098 850 1133 concessarum,
874 1091 974 1137 post
997 1085 1147 1124 datam
1181 1083 1286 1123 dicti
1320 1082 1599 1122 instrumenti
1629 1082 1695 1122 vel
1728 1088 1988 1134 praetensae

262 1169 433 1196 sursum
466 1158 735 1207 redditionis,
762 1159 934 1198 diversa
966 1157 1111 1205 dubia,
1135 1155 1427 1209 quaestiones,
1460 1161 1503 1196 et
1535 1155 1859 1196 controversiae
1890 1160 1987 1195 orta
2009 1164 2049 1189 10

262 1227 437 1270 fuerunt
470 1230 535 1279 de,
566 1237 609 1270 et
643 1230 963 1277 concernentia,
997 1229 1282 1277 libertatibus,
1307 1228 1572 1277 franchesiis,
1602 1235 1646 1269 et
1677 1227 1987 1268 consuetudin-

262 1302 369 1352 ibus,
392 1303 527 1352 terris,
551 1310 593 1344 et
616 1303 967 1356 possessionibus
991 1302 1174 1354 Majoris
1197 1308 1240 1342 et
1264 1301 1554 1353 Burgensium
1576 1301 1704 1341 villae
1725 1301 1987 1354 praedictae,

262 1389 311 1415 ac
346 1376 477 1416 etiam
513 1377 578 1425 de,
602 1384 644 1417 et
678 1377 998 1425 concernentia,
1022 1376 1235 1416 electione
1269 1382 1312 1416 et
1346 1376 1678 1416 continuatione
1710 1376 1986 1429 quorundam

263 1449 572 1490 officiariorum
596 1451 723 1490 villae
746 1451 1006 1503 praedictae.

350 1524 510 1566 Sciatis
540 1525 682 1575 igitur,
706 1525 823 1576 quod
857 1538 936 1564 nos
969 1537 1136 1576 pacem,
1159 1522 1522 1575 tranquilitatem,
1545 1529 1588 1563 et
1615 1523 1778 1563 bonam
1802 1523 1988 1575 gubern—
2011 1533 2047 1567 15

262 1596 455 1637 ationem
498 1597 695 1649 ejusdem
734 1597 861 1637 villae
899 1604 941 1637 et
985 1596 1275 1649 Burgensium
1314 1603 1357 1636 et
1400 1596 1746 1636 inhabitantium
1789 1595 1987 1648 ejusdem

262 1670 454 1722 gratiose
476 1669 745 1719 affectantes,
764 1677 807 1710 et
829 1670 978 1709 omnia
996 1670 1115 1710 dicta
1133 1669 1277 1718 dubia,
1296 1670 1590 1722 quaestiones,
1609 1676 1652 1710 et
1670 1669 1989 1710 controversias

261 1745 303 1786 in
331 1746 412 1786 hac
436 1753 560 1799 parte
590 1746 758 1786 auferre
779 1746 1075 1798 designantes,
1098 1745 1153 1784 de
1175 1745 1317 1797 gratia
1340 1751 1490 1785 nostra
1518 1744 1696 1797 speciali
1719 1757 1769 1784 ac
1792 1757 1849 1784 ex
1871 1749 1990 1784 certa

261 1819 444 1859 scientia
466 1825 509 1859 et
533 1832 652 1859 mero
676 1825 799 1859 motu
823 1819 993 1867 nostris,
1016 1819 1071 1858 de
1100 1819 1407 1859 advisamento
1439 1819 1600 1859 Privati
1625 1818 1810 1860 Concilii
1840 1817 1989 1866 nostri,

262 1893 594 1945 assignavimus,
633 1892 968 1940 nominavimus,
1003 1892 1315 1941 ordinavimus,
1350 1892 1671 1941 constituimus,
1706 1898 1749 1932 et
1786 1890 1988 1931 confirm·
2009 1904 2051 1927 20

261 1967 440 2015 avimus,
483 1980 533 2006 ac
575 1979 651 2018 per
692 1972 945 2018 praesentes
987 1979 1066 2017 pro
1109 1965 1245 2013 nobis,
1289 1964 1523 2005 heredibus
1575 1971 1618 2005 et
1665 1964 1989 2004 successoribus

262 2041 432 2089 nostris,
456 2040 743 2092 assignamus,
767 2039 1059 2088 nominamus,
1083 2040 1350 2088 ordinamus,
1373 2039 1692 2089 constituimus,
1717 2046 1759 2080 et
1788 2038 1990 2080 confirm-

266 2127 390 2154 amus
413 2113 685 2153 willelmum
714 2112 918 2161 Greaves‚
942 2126 1216 2165 generosum,
1239 2113 1312 2165 qui
1336 2112 1416 2153 fuit
1450 2113 1596 2165 Major
1623 2113 1752 2153 villae
1785 2113 1990 2166 Notyng-

262 2188 366 2228 ham
389 2187 641 2240 praedictae
671 2193 871 2239 tempore
897 2186 1095 2239 ejusdem
1125 2194 1384 2239 praetensae
1409 2200 1580 2226 sursum
1605 2187 1876 2236 redditionis,
1899 2187 1990 2228 fore

265 2267 308 2302 et
344 2275 437 2301 esse
474 2266 752 2313 praesentem
790 2266 833 2300 et
871 2261 1132 2300 modernum
1171 2261 1389 2313 Majorem
1427 2261 1556 2301 villae
1593 2262 1855 2314 praedictae,
1887 2274 1990 2302 con·
2010 2272 2050 2307 25

265 2335 529 2375 tinuandum
568 2334 610 2373 in
649 2334 805 2373 eodem
844 2333 989 2373 officio
1026 2348 1051 2374 a
1087 2335 1193 2374 data
1230 2335 1528 2387 praesentium
1567 2348 1706 2388 usque
1742 2336 1797 2375 ad
1839 2334 1992 2375 usuale

263 2414 438 2460 tempus
461 2420 540 2459 pro
558 2407 771 2446 electione
795 2406 978 2459 Majoris
996 2421 1075 2459 pro
1092 2408 1247 2448 eadem
1267 2408 1370 2448 villa
1388 2408 1429 2447 in
1449 2408 1561 2449 festo
1585 2408 1738 2450 Sancti
1762 2408 1992 2449 Michaelis

263 2479 546 2532 Archangeli,
570 2480 687 2532 quod
725 2479 805 2520 erit
843 2493 959 2520 anno
999 2480 1181 2520 Domini
1220 2481 1454 2521 millesimo
1491 2481 1819 2522 sexcentesimo
1855 2494 1991 2522 nona-

265 2553 433 2606 gesimo
456 2553 597 2601 tertio,
621 2553 654 2592 si
678 2552 821 2592 dictus
844 2552 1094 2593 willelmus
1118 2554 1311 2595 Greaves
1334 2561 1426 2595 tam
1449 2554 1524 2595 diu
1548 2555 1718 2595 vixerit.

353 2627 412 2667 Et
445 2626 625 2666 ulterius
659 2626 871 2675 volumus,
899 2639 948 2666 ac
982 2640 1059 2679 per
1092 2634 1345 2680 praesentes
1381 2642 1460 2681 pro
1495 2628 1632 2677 nobis,
1660 2627 1895 2668 heredibus
1924 2626 1991 2668 vel
2012 2640 2054 2673 30

266 2699 589 2741 successoribus
619 2699 791 2748 nostris,
815 2699 975 2752 Majori
999 2707 1042 2741 et
1072 2701 1371 2754 Burgensibus
1393 2702 1523 2742 villae
1545 2701 1809 2754 praedictae,
1832 2707 1876 2741 et
1898 2714 1992 2741 suc-

267 2774 511 2814 cessoribus
545 2773 645 2822 suis,
672 2773 954 2814 concedimus
989 2781 1258 2826 potestatem
1294 2782 1337 2816 et
1371 2776 1699 2824 authoritatem,
1723 2775 1778 2815 ad
1814 2774 1992 2827 aliquod

267 2848 357 2888 sive
399 2847 545 2899 aliqua
586 2853 761 2898 tempus
802 2859 877 2886 seu
919 2852 1122 2899 tempora
1162 2847 1274 2888 infra
1315 2849 1507 2901 spatium
1545 2849 1731 2888 duorum
1775 2847 1992 2888 mensium

269 2921 477 2974 proximo
511 2926 611 2972 post
645 2920 796 2960 datam
831 2921 1141 2972 praesentium,
1175 2922 1347 2974 eligere,
1380 2922 1620 2971 nominare,
1653 2928 1696 2962 et
1728 2921 1994 2962 constituere

269 2994 439 3046 aliquos
472 2994 720 3045 Burgenses
753 2992 950 3044 ejusdem
980 2993 1110 3034 villae
1142 2995 1197 3034 ad
1230 2994 1423 3035 officium
1447 2996 1502 3036 de
1533 2995 1770 3037 Communi
1795 2993 1995 3036 Concilio
2015 3007 2054 3041 35

270 3068 397 3107 villae
420 3066 683 3119 praedictae,
702 3079 751 3105 ac
774 3065 864 3105 fore
887 3071 930 3106 et
953 3079 1048 3106 esse
1070 3068 1124 3107 de
1148 3068 1385 3109 Communi
1410 3068 1611 3110 Concilio
1633 3068 1830 3120 ejusdem
1855 3066 1994 3115 villae,

270 3147 361 3181 tam
391 3153 448 3179 ex
476 3139 525 3178 iis
547 3138 620 3190 qui
652 3137 844 3178 officium
868 3139 1154 3179 Vicecomitis
1186 3140 1316 3180 villae
1347 3141 1599 3193 praedictae
1630 3139 1872 3180 servierunt
1904 3139 1995 3179 sive

270 3213 528 3260 habuerunt,
565 3224 698 3263 quam
736 3210 809 3263 qui
846 3210 1038 3251 officium
1076 3212 1182 3252 illud
1225 3226 1313 3253 non
1351 3213 1592 3254 servierunt
1629 3213 1697 3253 vel
1734 3213 1993 3262 habuerunt,

272 3299 381 3338 quos
404 3284 564 3337 Majori
587 3290 630 3325 et
654 3284 951 3337 Burgensibus
972 3285 1101 3325 villae
1122 3286 1385 3338 praedictae,
1407 3286 1475 3327 vel
1506 3286 1662 3339 majori
1692 3287 1807 3340 parti
1830 3299 1993 3335 eorum,
