2164 3804
295 403 344 443 18
550 407 772 441 RECORDS
803 406 864 439 OF
895 405 997 437 THE
1029 404 1265 438 BOROUGH
1298 404 1360 437 OF
1394 401 1747 436 NOTTINGHAM.
1885 390 2013 444 [1635

292 533 410 587 quod
453 531 609 586 piscari
651 530 947 584 prohibentur.
1032 528 1083 568 In
1125 534 1325 581 tempore
1369 526 1504 579 Regis
1557 524 1763 565 Edwardi
1805 521 2018 563 reddebat

295 605 591 658 Snotingham
615 605 732 645 xviii.
756 604 898 652 libras,
923 602 1056 642 modo
1079 616 1190 642 xxx.
1214 601 1345 641 libras
1369 607 1411 640 et
1435 615 1475 640 x.
1499 599 1630 639 libras
1653 599 1707 638 de
1731 603 1918 638 moneta.

382 682 607 733 ‘Rogerus
637 680 692 720 de
722 678 841 719 Busli
871 677 1005 717 habet
1035 677 1077 716 in
1109 675 1405 728 Snotingham
1431 674 1483 714 iii.
1509 673 1771 722 mansiones,
1795 672 1836 711 in
1861 671 2019 724 quibus

296 755 451 796 sedent
474 755 531 795 xi.
554 755 712 794 domus
735 752 970 792 reddentes
992 750 1061 791 iiii.
1086 749 1249 790 solidos
1272 755 1314 790 et
1336 749 1403 789 vii.
1427 748 1640 788 denarios.

384 829 678 870 ‘willelmus1
719 826 868 867 Pevrel
905 825 1040 866 habet
1081 824 1215 865 xlviii.
1253 825 1410 864 domos
1453 828 1743 862 mercatorum
1786 821 2020 861 reddentes
2062 822 2079 857 5

298 904 453 945 xxxvi.
477 903 652 951 solidos,
676 907 718 942 et
741 901 814 941 xii.
837 900 994 940 domos
1017 899 1214 952 equitum
1239 905 1281 938 et
1303 898 1385 938 viii.
1409 896 1646 937 bordarios.

386 975 626 1018 ‘Radulfus
659 976 713 1015 de
747 975 894 1015 Burun
929 972 1063 1014 habet
1096 973 1183 1013 xiii.
1218 973 1374 1012 domos
1407 971 1632 1024 equitum;
1670 970 1711 1010 in
1746 983 1833 1010 una
1867 969 2020 1009 harum

299 1059 448 1094 manet
470 1064 581 1092 unus
605 1055 829 1090 mercator.

385 1126 632 1168 ‘Gilbertus
655 1124 723 1163 iiii.
748 1124 914 1164 domos.

387 1198 628 1240 ‘Radulfus
667 1196 779 1237 filius
824 1195 1015 1236 Huberti
1053 1194 1187 1235 habet
1229 1194 1284 1234 xi.
1324 1193 1508 1243 domos;
1556 1193 1598 1232 in
1641 1192 1707 1232 his
1746 1198 1927 1233 manent
1969 1192 2022 1233 iii.
2048 1200 2086 1222 10

300 1281 573 1316 mercatores
1935 1313 1940 1318 ,

387 1354 395 1370 ‘
410 1348 656 1391 Goissridus
678 1347 850 1388 Alselin
874 1346 1007 1386 habet
1031 1345 1122 1385 xxi.
1146 1345 1315 1395 domos,
1338 1351 1380 1385 et
1403 1344 1656 1384 Accardus2
1682 1344 1914 1398 Presbyter
1936 1343 2026 1384 iist83

300 1427 468 1467 domos.

387 1500 462 1540 ‘In
491 1498 630 1539 crofta
658 1496 905 1550 Presbyteri
933 1501 1034 1535 sunt
1061 1494 1147 1535 lxv.
1172 1494 1341 1543 domus,
1365 1500 1408 1534 et
1437 1494 1478 1533 in
1509 1494 1575 1533 his
1605 1493 1739 1534 habet
1769 1507 1846 1533 rex
1877 1506 2024 1533 sacam

300 1583 343 1617 et
375 1588 534 1615 socam.
599 1572 807 1620 Ecclesia,
831 1584 930 1611 curn
964 1569 1168 1609 omnibus
1192 1582 1304 1622 quae
1337 1568 1391 1608 ad
1425 1581 1521 1608 eam
1555 1568 1786 1621 pertinent,
1810 1567 1925 1608 valet
1952 1581 2028 1620 per
2051 1574 2086 1609 15

302 1662 467 1691 annum
491 1653 669 1688 centum
693 1645 867 1686 solidos.

389 1728 397 1743 ‘
414 1723 628 1764 Ricardus
654 1719 817 1761 Frelle4
841 1719 973 1759 habet
996 1718 1064 1758 iiii.
1088 1718 1255 1758 domos.

391 1798 466 1838 ‘In
491 1796 656 1836 fossato
678 1794 804 1847 burgi
827 1799 928 1833 sunt
952 1792 1052 1833 xvii.
1077 1792 1245 1840 domus,
1269 1797 1312 1832 et
1335 1791 1445 1831 aliae
1469 1791 1518 1831 vi.
1543 1791 1710 1831 domus.

391 1870 639 1912 ‘willelmo
678 1867 853 1909 Peverel
892 1866 1107 1907 concessit
1146 1880 1223 1906 rex
1262 1880 1301 1905 x.
1341 1879 1462 1905 acras
1500 1871 1639 1906 terrae
1681 1866 1735 1906 ad
1779 1866 2028 1906 faciendum

303 1945 560 2000 pomerium.
2049 1952 2092 1975 20

391 2021 466 2060 ‘In
496 2018 819 2071 §notingeham
847 2016 1001 2056 habuit
1034 2017 1133 2056 Rex
1166 2015 1409 2056 Edwardus
1439 2016 1460 2056 i.
1485 2022 1734 2056 carucatam
1766 2021 1905 2056 terrae
1931 2029 2029 2056 cum

305 2095 424 2148 gilda
446 2101 586 2135 terrae
609 2093 647 2133 ii.
671 2098 972 2132 carucatarum
993 2105 1001 2141 ;
1035 2091 1092 2130 ibi
1115 2090 1250 2131 habet
1273 2091 1406 2131 modo
1429 2105 1507 2131 rex
1531 2091 1586 2131 xi.
1611 2091 1796 2131 villanos
1818 2091 2031 2132 habentes

305 2171 374 2210 iiii.
398 2174 624 2209 carucatas
654 2173 697 2208 et
727 2167 799 2206 xii.
824 2164 970 2206 acras5
994 2165 1117 2218 prati,
1145 2165 1186 2204 in
1215 2165 1413 2205 dominio
1442 2164 1581 2206 nihil.6

393 2244 637 2296 ‘Tempore
662 2241 797 2294 Regis
823 2239 1029 2280 Edwardi
1053 2239 1189 2279 valuit
1213 2239 1264 2278 iii.
1290 2238 1432 2288 libras,
1457 2240 1590 2279 modo
1616 2239 1789 2280 similes.

394 2319 469 2358 ‘In
502 2315 823 2368 Snotingeham
854 2327 969 2366 aqua
997 2314 1189 2353 Trentae
1218 2319 1261 2353 et
1287 2312 1404 2352 fossa
1433 2319 1475 2353 et
1504 2313 1574 2353 via
1602 2326 1750 2353 versus
1782 2313 2031 2353 Eboracum
2052 2322 2091 2357 25

307 2394 625 2441 custodiuntur,
662 2392 723 2431 ita
764 2396 811 2430 ut
853 2389 988 2442 siquis
1030 2385 1279 2441 impedierit
1321 2388 1554 2427 transitum
1593 2388 1782 2437 navium,
1820 2395 1862 2428 et
1899 2388 2033 2441 siquis

310 2467 506 2515 araverit,
529 2465 596 2505 vel
619 2464 782 2505 fossam
806 2463 955 2503 fecerit
984 2462 1026 2502 in
1056 2462 1127 2502 via
1155 2462 1268 2514 regis
1298 2461 1409 2502 infra
1438 2462 1547 2502 duas
1576 2463 1775 2515 perticas
1798 2463 2034 2503 emendare

309 2542 443 2582 habet
465 2553 541 2593 per
563 2538 644 2579 viii.
669 2537 824 2578 libras.'

398 2616 524 2670 Quae
546 2612 696 2653 omnia
724 2618 767 2652 et
790 2611 963 2663 singula
992 2610 1232 2663 praemissa
1262 2610 1316 2650 ad
1346 2609 1601 2650 instantiam
1632 2616 1675 2650 et
1705 2611 2031 2663 requisitionem

310 2690 569 2731 dilectorum
612 2693 655 2727 et
692 2685 936 2726 fideliorum
980 2690 1228 2724 nostrorum
1272 2683 1455 2737 Majoris
1492 2690 1535 2724 et
1579 2685 1869 2737 Burgensium
1907 2685 2034 2726 villae
2054 2699 2096 2732 30

312 2761 679 2816 Nottinghamiae
710 2759 921 2800 duximus
957 2757 1339 2811 exemplificanda,
1374 2771 1450 2810 per
1486 2764 1738 2810 praesentes
1775 2759 1856 2799 s‘ub
1892 2759 2035 2811 sigillo

313 2836 528 2880 Scaccarii
552 2835 700 2875 nostri.

401 2912 451 2951 In
503 2909 625 2962 cujus
678 2908 736 2947 rei
792 2906 1094 2947 testimonium
1151 2906 1229 2945 has
1286 2905 1432 2945 literas
1488 2912 1660 2946 nostras
1712 2905 1801 2946 fieri
1854 2907 2034 2947 fecimus

312 2992 526 3040 patentes,

378 3143 387 3158 ¹
419 3136 630 3176 lVillelmus‚]
650 3138 657 3152 ‘
670 3134 786 3172 Willi,⁷
805 3134 879 3166 MS.
1306 3138 1317 3157 3
1340 3134 1390 3165 fiae
1406 3147 1435 3161 z
1452 3134 1543 3166 duas·

376 3198 389 3212 ²
412 3193 589 3231 Accardns,
609 3202 645 3223 so
662 3191 736 3222 Ms.
787 3190 849 3220 But
869 3188 1056 3220 ‘Aitardus’
1074 3188 1107 3219 in
1305 3191 1318 3211 ⁴
1341 3190 1455 3228 Frelle,
1489 3201 1525 3221 so
1559 3190 1648 3230 MS„
1682 3191 1747 3222 and
1787 3193 1943 3234 Deering,
1978 3193 2035 3224 but

313 3261 332 3281 a
355 3248 485 3291 printed
507 3258 590 3289 copy
606 3246 643 3277 of
662 3246 717 3277 the
738 3243 932 3285 Doomsday
949 3243 1054 3282 Book,
1074 3243 1107 3273 in
1244 3243 1395 3274 ‘Tresle'
1413 3243 1446 3274 in
1470 3243 1609 3285 Bailey’s
1630 3246 1774 3283 Annuls,
1794 3246 1860 3277 and
1884 3247 1892 3262 ς
1906 3245 2034 3277 Fresle,

314 3304 368 3334 the
381 3301 600 3343 Nottingham
618 3300 700 3330 Free
718 3298 866 3339 Library,
879 3297 944 3328 and
961 3297 1108 3339 Deering
1242 3298 1274 3328 in
1323 3298 1378 3328 the
1424 3298 1736 3332 above-mentioned
1782 3312 1866 3345 copy
1904 3302 1941 3332 of
1981 3302 2036 3335 the

313 3358 372 3392 has
392 3354 599 3393 ‘Arcardus‚’
617 3354 682 3386 and
700 3353 813 3394 Bailey
833 3354 841 3369 ‘
853 3352 1009 3385 Acadus?
1242 3352 1435 3394 Doomsday
1453 3353 1558 3386 Book.
