2164 3804
277 388 330 430 54
532 388 752 421 RECORDS
785 388 846 421 OF
878 388 979 419 THE
1010 387 1248 421 BOROUGH
1281 387 1341 420 OF
1376 386 1726 420 NOTTINGHAM.
1866 377 1996 431 [1682

272 509 403 551 toties
425 510 536 551 bene
558 510 686 552 liceat
708 517 752 552 et
774 510 921 552 licebit
942 509 1263 559 Aldermamzis,
1283 509 1556 563 Capitalibus
1580 508 1862 558 Consiliariis‚
1883 509 1998 550 Con-

272 584 454 633 siliariis,
477 591 520 626 et
543 591 609 626 tot
630 586 685 626 de
714 585 764 625 iis
795 585 1094 638 Burgensibus
1117 584 1190 638 qui
1212 583 1360 624 officia
1381 583 1706 624 Vicecomitum
1729 582 1795 623 vel
1820 583 1997 625 Camer-

272 658 459 698 ariorum
483 658 594 699 infra
616 659 803 699 eandem
826 658 974 698 villam
998 664 1197 711 tempore
1223 657 1478 710 hujusmodi
1501 657 1728 698 electionis
1751 662 1909 709 gerunt
1930 655 1998 697 vel

272 732 473 781 subeunt,
495 732 562 772 vel
586 733 640 773 ad
665 732 842 785 aliquod
872 739 1047 785 tempus
1071 737 1310 784 praeantea
1331 730 1570 784 gessissent
1595 736 1639 771 et
1660 729 1908 779 subiissent,
1930 728 1998 769 vel

273 805 436 859 majori
467 806 584 859 parti
622 807 873 855 eorundem,
907 806 1141 846 convenire
1178 812 1221 846 et
1258 804 1525 845 assemblare
1562 804 1604 844 in
1642 803 1864 844 communi
1901 803 1998 843 loco
2040 816 2058 851 5

271 885 423 920 vocato
452 880 690 929 ‘Guihald,’
721 886 796 920 aut
830 879 915 919 alio
949 879 1046 919 loco
1077 878 1369 928 convenienti,
1401 877 1511 919 infra
1540 877 1689 919 villam
1719 878 1998 931 praedictam,

271 953 382 994 infra
403 954 638 995 duodecim
661 953 754 994 dies
777 952 977 1006 proximo
999 959 1099 1005 post
1128 952 1331 993 notitiam
1356 951 1509 993 mortis
1532 957 1608 992 aut
1630 951 1868 991 amotionis
1890 950 1998 991 dicti

272 1027 465 1081 Majoris,
489 1034 531 1069 et
564 1027 722 1068 ibidem
756 1040 889 1067 unum
923 1026 1057 1066 alium
1090 1026 1145 1066 de
1176 1025 1486 1066 Aldermamlis
1519 1024 1648 1065 villae
1680 1024 1923 1077 praedictae
1955 1025 1997 1064 in

269 1101 463 1142 officium
507 1101 692 1154 Majoris
732 1100 860 1141 villae
902 1100 1150 1153 praedictae
1187 1099 1426 1148 nominare,
1462 1098 1633 1151 eligere,
1672 1104 1715 1138 et
1757 1097 1998 1150 praeficere,

269 1177 505 1216 secundum
540 1174 860 1216 ordinationem
890 1180 933 1214 et
967 1173 1254 1226 provisionem
1284 1172 1486 1225 superius
1518 1171 1561 1211 in
1595 1171 1895 1224 praesentibus
1924 1171 1998 1212 de-
2022 1191 2061 1214 10

269 1250 482 1300 claratas;
513 1256 555 1290 et
573 1249 691 1302 quod
715 1248 787 1288 ille
809 1248 869 1288 sic
888 1248 1117 1300 eligendus
1138 1253 1181 1287 et
1199 1245 1515 1299 praeficiendus
1536 1245 1577 1285 in
1597 1245 1790 1286 officium
1815 1245 1999 1298 Majoris

269 1323 397 1363 villae
429 1323 681 1376 praedictae,
714 1321 908 1362 officiam
947 1321 1058 1361 illud
1089 1320 1250 1361 habeat
1282 1326 1326 1360 et
1359 1326 1566 1360 exerceat
1600 1320 1787 1360 durante
1825 1319 2000 1359 residuo

268 1396 469 1449 ejusdem
508 1396 621 1444 anni,
645 1401 914 1436 sacramenlo
950 1394 1173 1448 corporali
1206 1394 1247 1433 in
1287 1393 1429 1434 forma
1466 1393 1688 1446 praedicta
1726 1393 1843 1446 prius
1881 1407 1999 1446 prae-

268 1470 429 1510 stando
448 1484 455 1519 3
488 1477 531 1511 et
553 1471 613 1510 sic
636 1470 767 1510 toties
790 1469 962 1522 quoties
985 1482 1110 1508 casus
1133 1468 1194 1508 sic
1217 1468 1434 1508 acciderit.

354 1543 695 1596 Assignavimns
737 1544 882 1592 etiam,
925 1542 1261 1590 nominavimus,
1299 1542 1554 1591 creavimus,
1595 1541 1918 1590 constituimus,
1957 1547 2001 1581 et
2023 1562 2060 1598 15

268 1616 462 1667 fecimus,
505 1632 554 1657 ac
596 1632 671 1671 per
712 1624 969 1671 praesentes
1011 1631 1088 1670 pro
1129 1616 1266 1665 nobis,
1309 1615 1553 1665 heredibus,
1591 1622 1634 1656 et
1676 1614 2000 1655 successoribus

268 1691 433 1739 nostris,
471 1691 759 1744 assignamus,
797 1690 1090 1739 nominamus,
1128 1703 1338 1738 creamUS,
1376 1689 1698 1737 constituimus,
1736 1696 1779 1729 et
1816 1687 2001 1729 facimus

269 1765 454 1806 dilectos
497 1765 622 1805 nobis
672 1765 951 1817 Radulplmm
997 1764 1135 1816 Edge,
1179 1763 1542 1816 Christopherum
1598 1762 1714 1811 Hall,
1755 1762 2000 1815 Johamcem

274 1838 445 1887 Parker‚
470 1839 727 1880 Gervasium
753 1839 942 1891 Rippon,
966 1837 1232 1878 XVillelmum
1257 1837 1474 1890 Toplady,
1498 1843 1541 1877 et
1565 1836 1829 1876 XVillelmum
1861 1837 2002 1890 Petty,

273 1926 506 1965 generosos,
530 1911 620 1952 fore
652 1919 695 1952 et
727 1925 822 1952 esse
856 1912 1091 1952 modernos
1114 1911 1431 1951 Aldermamzos
1460 1910 1590 1950 villae
1623 1910 1877 1963 praedictae,
1901 1922 2002 1950 con-
2023 1933 2065 1956 20

273 1986 505 2025 tinuandas
535 1985 576 2025 in
610 1985 774 2025 eisdem
807 1984 968 2025 officiis
993 1985 1249 2025 durantibus
1275 1985 1373 2025 vitis
1403 1984 1490 2024 suis
1518 1984 1802 2033 naturalibuS,
1830 1984 1911 2024 nisi
1940 1984 2003 2024 in-

273 2060 395 2100 terim
419 2074 496 2113 pre
519 2059 635 2100 mala
657 2059 982 2112 gubernatione
1005 2059 1095 2099 sive
1119 2059 1232 2099 male
1255 2072 1300 2098 se
1323 2059 1513 2111 gerendo
1535 2058 1577 2098 in
1601 2072 1653 2098 ea
1675 2065 1811 2111 parte,
1828 2065 1903 2099 aut
1926 2072 2004 2112 pro

275 2133 421 2186 aliqua
453 2133 575 2187 [alia]
604 2147 736 2174 causa
768 2133 1032 2182 rationabili,
1056 2133 1111 2173 ab
1134 2132 1293 2173 officiis
1319 2132 1405 2173 illis
1427 2133 1570 2173 amoti
1593 2139 1730 2181 erunt,
1755 2139 1831 2174 aut
1853 2146 2002 2173 eorum

274 2207 429 2260 aliquis
459 2207 526 2247 vel
558 2207 693 2260 aliqui
720 2207 855 2248 amoti
886 2213 1013 2247 erunt
1042 2206 1109 2246 vel
1144 2214 1318 2247 amotus
1348 2207 1438 2247 erit.
1502 2207 1561 2248 Et
1595 2207 1770 2248 ulterius
1799 2208 2002 2248 volumus

274 2281 386 2333 quod
429 2281 779 2333 quandocunque
820 2280 1053 2333 contigerit
1104 2280 1295 2333 aliquem
1339 2281 1405 2321 vel
1458 2281 1627 2334 aliquos
1670 2282 1724 2322 de
1771 2281 2004 2335 praedictis
2022 2303 2063 2339 25

275 2353 585 2394 Aldermamiis
626 2353 756 2394 villae
798 2354 1052 2407 praedictae,
1090 2354 1180 2393 sive
1214 2355 1535 2394 successoribus
1576 2355 1675 2404 suis,
1713 2356 1767 2396 de
1805 2362 2004 2408 tempore

275 2427 318 2466 in
348 2433 523 2480 tempus
552 2426 683 2475 obire,
708 2433 783 2467 aut
813 2427 868 2467 ab
894 2426 1049 2467 officiis
1077 2427 1165 2467 suis
1189 2427 1585 2469 Aldermanaorum
1610 2429 1738 2469 villae
1761 2430 2006 2482 praedictae

277 2500 652 2553 amoveri,—quos
689 2501 867 2553 quidem
905 2500 1228 2541 Aldermalmos
1271 2502 1400 2542 villae
1442 2503 1698 2555 praedictae,
1736 2516 1812 2543 seu
1855 2516 2004 2543 eorum

277 2574 478 2627 aliquem,
501 2574 568 2614 vel
592 2574 772 2627 aliquos,
795 2588 842 2613 se
864 2587 951 2614 non
975 2574 1086 2614 bene
1109 2581 1307 2627 gerentes
1327 2575 1369 2614 in
1393 2575 1554 2615 officiis
1574 2575 1660 2615 illis
1682 2575 1891 2616 amobiles
1912 2589 2007 2616 esse

276 2647 478 2688 volumus
515 2648 570 2688 ad
607 2647 719 2688 bene
752 2647 961 2700 placitum
998 2648 1180 2701 Majoris
1214 2656 1257 2689 et
1295 2649 1563 2689 residuorum
1597 2649 2005 2700 Aldermamzorum,
2025 2678 2068 2712 30

279 2721 546 2774 Capitalium
571 2721 939 2770 Consiliariorum,
963 2727 1006 2762 et
1027 2736 1107 2761 sex
1132 2722 1488 2763 Consiliarierma
1512 2723 1639 2763 villae
1662 2723 1915 2776 praedictae,
1937 2723 2006 2764 vel

279 2795 459 2848 majoris
499 2794 634 2847 partis
676 2795 914 2835 eorundem
957 2795 1160 2847 (quornm
1214 2795 1424 2848 Majorem
1466 2796 1596 2837 villae
1642 2797 1888 2850 praedictae
1928 2810 2006 2850 pro

278 2874 478 2921 tempore
509 2868 768 2908 existentem
801 2881 935 2908 unum
968 2882 1062 2908 esse
1084 2868 1493 2922 volumus)‚—q210d
1527 2877 1631 2910 tunc
1661 2877 1703 2911 et
1733 2871 1864 2911 toties
1893 2870 2005 2911 bene

279 2941 409 2982 liceat
441 2947 484 2982 et
518 2941 665 2981 licebit
699 2941 933 2994 praedictis
967 2941 1138 2994 Majori,
1162 2942 1344 2982 residuis
1376 2942 1785 2993 Aldermamzorum,
1810 2943 2005 2997 Capital-

280 3014 373 3055 iblts
410 3013 693 3063 Consiliariis,
732 3014 1014 3063 Consiliarits‚
1049 3021 1092 3055 et
1129 3021 1195 3055 tot
1232 3016 1286 3055 de
1327 3015 1378 3055 iis
1417 3017 1713 3069 Burgensilms
1748 3018 1821 3071 qui
1858 3017 2006 3058 officia
2024 3043 2064 3079 35

279 3087 601 3129 vicecomitum
624 3087 692 3128 vel
717 3087 1065 3129 Camerarioram
1098 3087 1209 3128 infra
1237 3089 1423 3129 eandem
1448 3090 1595 3130 villam
1629 3097 1829 3144 tempore
1857 3090 2004 3144 hujus-

281 3162 402 3202 modi
436 3161 662 3202 electionis
694 3167 852 3214 gerunt
884 3168 926 3202 et
957 3162 1158 3211 subeunt,
1181 3162 1248 3202 vel
1279 3163 1334 3203 ad
1365 3163 1543 3216 aliquod
1572 3169 1748 3217 tempus
1771 3170 2006 3217 praeantea

279 3234 517 3287 gessissent
539 3240 582 3274 et
608 3234 854 3282 subiissent,
876 3234 943 3274 vel
974 3234 1127 3287 majori
1157 3235 1270 3287 parti
1293 3237 1532 3277 eorundem
1556 3236 1761 3290 (quorum
1792 3238 2005 3290 Majorem

280 3321 357 3360 pro
388 3314 586 3360 tempore
617 3308 877 3348 existentem
907 3320 1040 3347 unum
1070 3322 1164 3348 esse
1186 3308 1418 3361 volumus),
1442 3323 1575 3350 unum
1598 3310 1744 3360 aliam,
1766 3311 1834 3351 vel
1863 3311 2006 3364 plures
